2816 4097
264 366 371 413 Lm.
395 366 433 411 1.
457 366 585 412 cu.
607 368 652 423 ⁷,
673 364 741 426 3.]
1035 367 1127 413 DE
1165 337 1491 414 onAToRn.

263 534 476 610 fuisse,
506 540 595 610 ut,
627 554 766 595 cum
797 534 956 595 lauti
986 535 1440 616 accubuissent,
1461 535 1791 597 tolleretur
1818 535 2019 595 omnis
2049 535 2161 595 illa

263 632 596 710 superioris
625 631 892 692 tristitia
920 633 1243 707 sermoniS,
1274 651 1468 710 eaque
1498 638 1667 694 esset
1694 633 1763 693 in
1790 632 2042 693 homine
2072 634 2159 693 iu-

262 729 545 789 cunditas
575 734 640 789 et
667 733 883 788 tantus
920 729 987 787 in
1026 728 1286 789 iocando
1328 730 1521 807 lepos,
1552 735 1625 790 ut
1666 730 1801 790 dies
1846 729 2012 790 inter
2054 749 2160 791 eos

261 826 466 886 curiae
488 825 688 886 fuisse
709 826 1046 901 videretur,
1071 826 1431 886 convivium
1453 828 1810 887 Tusculani.
1897 829 2160 888 Postero

263 928 467 982 autem
497 923 618 997 die,
649 941 791 981 cum
819 921 918 981 illi
953 922 1215 982 maiores
1246 928 1398 983 natu
1428 924 1584 984 satis
1620 925 1943 1002 quiessent
1986 931 2050 985 et
2092 925 2159 983 in

265 1018 747 1078 ambulationem
779 1024 1034 1077 ventum
1066 1024 1232 1079 esset
1265 1020 1598 1101 [dicebat],
1629 1027 1762 1080 tum
1798 1021 2160 1082 Scaevolam

265 1115 500 1174 duobus
531 1115 753 1193 spatiis
784 1115 1066 1175 tribusve
1106 1116 1293 1175 factis
1337 1116 1589 1192 dixisse,
1634 1137 1743 1176 cur
1786 1137 1911 1177 11011
1959 1119 2159 1178 imita-

265 1232 416 1287 mur,
449 1213 690 1287 Crasse,
721 1212 1038 1272 Socratem
1067 1212 1268 1287 illum,
1300 1212 1412 1290 qui
1446 1217 1544 1272 est
1584 1212 1651 1270 in
1692 1212 1979 1271 Phaedro
2023 1213 2161 1273 Pla-

262 1309 426 1369 tonis
449 1310 482 1369 ?
543 1310 708 1369 Nam
767 1327 866 1368 me
913 1309 1062 1368 haec
1110 1315 1220 1368 tua
1267 1309 1562 1386 platanus
1613 1308 1955 1383 admonuit,
2002 1328 2161 1385 quae

261 1426 382 1466 non
412 1405 617 1467 minus
648 1408 728 1466 ad
756 1407 1147 1484 opacandum
1176 1406 1340 1466 hunc
1375 1406 1579 1465 locum
1627 1406 1861 1484 patulis
1906 1411 2003 1465 est
2046 1407 2163 1465 dif-

260 1504 404 1563 fusa
445 1503 654 1579 ramiS,
687 1523 874 1581 quam
920 1502 1046 1577 illa,
1081 1503 1256 1563 cuius
1299 1503 1583 1562 umbram
1626 1508 1877 1563 secutus
1921 1508 2019 1562 est
2062 1504 2163 1563 So-

260 1606 480 1675 crateS,
524 1618 685 1678 quae
734 1599 893 1659 mihi
943 1600 1194 1660 videtur
1232 1620 1355 1660 non
1405 1606 1538 1661 tam
1585 1600 1724 1679 ipsa
1766 1601 1961 1676 acula,
2002 1620 2161 1679 quae

261 1696 652 1771 describitur,
683 1716 871 1775 quam
909 1698 1194 1758 Platonis
1239 1698 1519 1759 oratione
1564 1698 1855 1773 crevisse,
1885 1705 1951 1759 et
1993 1700 2160 1777 quod

260 1793 368 1852 ille
409 1794 761 1853 durissimis
809 1795 1071 1873 pedibus
1116 1795 1285 1871 fecit,
1318 1803 1390 1856 ut
1434 1815 1501 1857 se
1542 1797 1815 1857 abiceret
1856 1796 1922 1854 in
1967 1796 2161 1857 herba

257 1895 446 1967 atque
490 1890 582 1949 ita
630 1891 756 1966 illa,
798 1911 957 1969 quae
1002 1892 1364 1971 philosophi
1407 1894 1717 1953 divinitus
1762 1894 1980 1953 ferunt
2024 1912 2161 1953 esse

253 1986 440 2064 dicta,
484 1988 865 2066 loqueretur,
908 1990 974 2048 id
1023 1990 1180 2050 meis
1230 1991 1495 2070 pedibus
1548 1996 1715 2052 certe
1766 1990 2020 2051 concedi
2063 1995 2161 2050 est

256 2082 531 2161 aequius.
604 2085 764 2144 Tum
794 2086 1104 2160 Crassum,
1136 2085 1327 2144 immo
1353 2104 1502 2144 vero
1530 2085 1913 2144 commodius
1943 2085 2161 2160 etiam3

258 2179 673 2257 pulvinosque
716 2182 1069 2259 poposcisse
1114 2187 1176 2240 et
1219 2181 1421 2240 omnis
1463 2181 1530 2239 in
1574 2181 1663 2240 eis
1704 2181 1973 2255 sedibus,
2006 2199 2163 2257 quae

259 2281 439 2334 erant
468 2277 582 2335 sub
609 2276 880 2352 platanO,
909 2277 1264 2336 consedisse
1294 2276 1555 2335 dicebat.

264 2445 495 2499 Crassus
529 2447 727 2500 sounds
765 2448 844 2500 the
870 2447 1078 2516 praises
1111 2447 1180 2517 os
1204 2457 1415 2516 oratory
1447 2449 1557 2500 and
1594 2447 1750 2500 extol-³
1786 2448 1869 2501 the
1906 2447 2165 2518 influence

834 2535 902 2604 os
925 2536 1006 2587 the
1041 2543 1231 2588 orator.
1307 2537 1372 2602 ἐξ
1399 2534 1593 2588 29-34.

335 2654 388 2715 8.
443 2655 561 2730 Ibi,
606 2660 678 2715 ut
725 2674 802 2715 ex
857 2655 1126 2734 pristino
1174 2673 1456 2716 sermone
1499 2655 1927 2717 relaxarentur
1968 2656 2160 2716 animi

251 2753 552 2828 omnium,
611 2753 849 2814 solebat
918 2755 1103 2815 Cotta
1156 2772 1410 2813 narrare
1466 2755 1760 2815 Crassum
1817 2773 2157 2814 sermonem

251 2849 568 2926 quendam
617 2851 694 2909 de
752 2851 960 2910 studio
1017 2851 1266 2910 dicendi
1320 2850 1626 2912 intulisse.
1713 2851 1832 2922 Qui
1880 2871 2021 2918 cum
2069 2853 2161 2913 ita

249 2951 420 3006 esset
475 2964 748 3020 exorsuS‚
806 2967 931 3006 non
988 2947 1105 3007 sibi
1175 2947 1627 3007 cohortandum
1695 2948 2038 3027 Sulpicium
2096 2956 2158 3011 et

213 3043 520 3117 ·Oottam,
579 3044 689 3102 sed
757 3043 955 3120 magis
1010 3049 1343 3121 utrumque
1399 3044 1879 3106 collaudandum
1934 3047 2154 3122 videri,

249 3139 426 3216 quod
481 3143 726 3198 tantam
766 3138 890 3198 iam
944 3145 1153 3200 essent
1208 3139 1577 3200 facultatem
1635 3141 1864 3220 adepti,
1910 3150 1982 3203 ut
2036 3164 2160 3204 non

248 3237 623 3314 aequalibus
667 3237 797 3297 suis
840 3237 1045 3297 solum
1078 3245 1622 3316 anteponerentur,
1656 3240 1766 3300 sed
1808 3259 1948 3298 cum
1978 3243 2162 3302 maio-

247 3335 428 3395 ribus
484 3341 637 3394 natu
693 3341 1232 3412 compararentur:
1304 3357 1507 3416 neque
1569 3359 1717 3400 vero
1783 3341 1941 3400 mihi
1996 3341 2162 3417 quic-

247 3452 462 3510 quam,
483 3431 708 3510 inquit,
733 3432 1172 3509 praestabilius
1196 3433 1462 3511 videtur,
1484 3455 1670 3512 quam
1696 3456 1877 3516 posse
1900 3437 2161 3498 dicendo

245 3534 469 3589 tenere
506 3528 829 3588 hominum
867 3529 1146 3612 [coetus]
1185 3532 1436 3607 mentis,
1469 3533 1739 3591 adlicere
1781 3533 2157 3606 voluntates,
