2816 4097
192 422 200 425 -
269 398 380 446 Lm.
400 398 439 445 1.
463 398 593 446 cn.
616 400 691 456 49,
713 398 811 459 ω]
1046 398 1137 447 DE
1178 396 1506 447 ORATORE.

2196 380 2339 445 63·

219 618 225 623 .
268 568 537 645 quodam
585 566 746 627 vo10.
834 568 1096 629 Crassus
1146 586 1293 628 vero
1342 567 1502 626 mihi
1559 572 1773 627 noster
1821 565 1996 627 visus
2047 570 2144 626 est
2192 577 2280 625 214

176 679 181 685 ’
266 664 531 724 oratoris
596 664 968 725 facultatem
1031 684 1158 724 non
1220 664 1395 724 illius
1452 664 1607 725 artis
1671 664 1980 739 terminis,
2032 664 2145 724 sed

266 760 481 836 ingeni
525 761 621 821 sui
664 762 895 822 finibus
939 761 1261 823 immensis
1298 781 1493 840 paene
1522 761 1889 822 describere.
1974 762 2143 821 Nam

267 864 331 917 et
358 858 691 918 civitatum
720 860 1131 937 regendarum
1174 860 1406 919 oratori
1453 859 1873 936 gubernacula
1901 864 2145 919 senten-

266 956 361 1015 tia
402 975 515 1015 sua
556 956 839 1030 tradidit,
871 956 937 1015 in
981 975 1104 1034 quo
1148 975 1257 1034 per
1301 957 1460 1015 mihi
1503 957 1730 1015 mirum
1772 956 1980 1016 visum
2023 961 2139 1030 est,

269 1052 584 1127 Scaevola,
624 1060 686 1113 te
730 1053 845 1113 hoc
894 1054 991 1113 illi
1041 1055 1395 1129 concedere,
1439 1072 1580 1113 cum
1623 1052 1986 1131 saepissime
2023 1053 2144 1112 tibi

268 1156 522 1210 senatus
563 1150 838 1210 breviter
871 1150 1282 1229 impoliteque
1322 1151 1560 1211 dicenti
1601 1151 1893 1211 maximis
1935 1151 2022 1210 sit
2065 1151 2142 1210 de

268 1249 451 1308 rebus
495 1248 813 1307 adsensus.
901 1249 987 1306 M.
1034 1266 1181 1308 vero
1228 1249 1516 1323 ScauruS,
1560 1266 1744 1325 quem
1788 1266 1914 1307 non
1958 1247 2141 1323 longe

266 1344 400 1403 ruri
448 1344 617 1422 apud
666 1362 733 1403 se
781 1362 918 1404 esse
967 1345 1171 1418 audie,
1217 1345 1317 1405 vir
1360 1345 1668 1421 regendae
1719 1344 1810 1403 rei
1859 1344 2145 1422 publicae

268 1441 743 1515 scientissimuS,
768 1441 824 1500 si
854 1442 1126 1501 audierit
1154 1441 1314 1501 hanc
1343 1442 1782 1501 auctoritatem
1813 1441 2142 1518 gravitatis

265 1544 333 1598 et
359 1538 584 1598 consili
613 1538 713 1597 sui
743 1538 1050 1598 vindicari
1075 1556 1113 1597 a
1138 1544 1219 1614 te,
1242 1539 1484 1613 Crasse,
1515 1539 1682 1617 quod
1710 1557 1846 1598 eam
1876 1538 2144 1599 oratoris

265 1635 589 1713 propriam
629 1654 767 1695 esse
810 1635 999 1711 dicas,
1032 1636 1175 1710 iam,
1206 1637 1407 1710 crede,
1453 1636 1576 1695 huc
1616 1636 1830 1695 veniat
1875 1641 1940 1695 et
1982 1635 2143 1696 hanc

264 1732 716 1808 loquacitatem
759 1738 1037 1793 nostram
1083 1734 1260 1793 voltu
1303 1734 1442 1811 ipso
1486 1738 1864 1811 aspectuque
1907 1738 2146 1793 conter-

266 1834 438 1903 reat;
484 1829 592 1907 qui
635 1848 1015 1907 quamquam
1056 1836 1156 1889 est
1199 1830 1266 1889 in
1300 1831 1564 1890 dicendo
1595 1830 1850 1889 minime
1879 1835 2148 1889 contem-

264 1927 528 2000 nendUS,
584 1926 919 2003 prudentia
973 1932 1185 1987 tamen
1244 1948 1450 1987 rerum
1515 1946 1881 2004 magnarum
1945 1928 2142 2005 magis

264 2042 459 2100 quam
528 2024 778 2084 dicendi
846 2029 981 2084 arte
1051 2024 1293 2085 nititur.
1380 2026 1602 2104 Neque
1659 2043 1827 2100 vero,
1885 2026 1941 2086 si
2001 2026 2143 2104 quis

262 2125 605 2198 utrumque
656 2126 886 2199 potest,
938 2128 1047 2181 aut
1094 2122 1203 2181 ille
1254 2123 1481 2183 consili
1530 2123 1768 2200 publici
1816 2128 2032 2183 auctor
2073 2141 2145 2182 ac

262 2223 526 2278 senator
565 2219 762 2278 bonus
806 2219 886 2278 ob
925 2238 1058 2278 eam
1103 2219 1305 2296 ipsam
1349 2238 1600 2280 causam
1642 2225 1853 2279 orator
1894 2215 1990 2280 est
2033 2225 2143 2279 aut

263 2315 374 2374 hic
410 2314 681 2375 disertus
728 2321 915 2393 atque
960 2316 1274 2392 eloquenS,
1307 2317 1359 2375 si
1404 2321 1503 2375 est
1543 2316 1711 2375 idem
1753 2317 1821 2376 in
1863 2336 2146 2395 procura-

261 2411 444 2470 tione
472 2411 750 2478 civitatis
780 2412 1085 2488 egregiuS,
1116 2412 1292 2472 illam
1325 2413 1654 2473 scientiam
1683 2414 1933 2473 dicendi
1967 2414 2148 2490 copia

262 2513 369 2568 est
399 2515 784 2569 consecutus.
872 2509 1149 2568 Multum
1189 2510 1360 2568 inter
1388 2527 1454 2568 se
1483 2509 1725 2569 distant
1761 2510 1921 2570 istae
1955 2511 2147 2570 facul-

261 2610 435 2664 tates
480 2605 785 2684 longeque
829 2611 977 2665 sunt
1020 2606 1301 2666 diversae
1344 2612 1536 2684 atque
1581 2607 1897 2666 seiunctae
1940 2625 2142 2684 neque

261 2703 491 2761 eadem
522 2703 761 2763 ratione
792 2722 862 2763 ac
891 2703 997 2762 via
1025 2703 1111 2762 M.
1134 2702 1309 2779 Cato,
1342 2704 1419 2766 P.
1439 2703 1794 2779 AfricanuS‚
1825 2705 1893 2775 Q.
1927 2704 2147 2764 Metel-

260 2800 389 2874 lus,
422 2799 487 2860 C.
520 2800 792 2876 Laelius,
825 2800 935 2878 qui
977 2819 1189 2860 omnes
1233 2801 1597 2878 eloquentes
1641 2801 1917 2876 fuerunt,
1961 2801 2146 2862 orati-

260 2915 453 2954 onem
484 2914 661 2956 suam
690 2903 755 2957 et
783 2897 873 2958 rei
902 2897 1190 2974 publicae
1220 2897 1594 2975 dignitatem
1623 2899 2030 2960 exornabant.

350 2991 449 3054 50.
496 2993 720 3071 Neque
749 2993 917 3052 enim
940 2999 1038 3053 est
1061 2994 1470 3054 interdictum
1492 3000 1602 3054 aut
1623 3013 1661 3054 a
1682 3014 1894 3055 rerum
1920 3001 2146 3056 natura

261 3095 382 3150 aut
411 3107 449 3149 a
477 3088 613 3165 lege
656 3090 869 3169 aliqua
910 3096 1097 3168 atque
1142 3110 1329 3166 more,
1362 3098 1434 3150 ut
1477 3091 1741 3168 singulis
1784 3092 2141 3154 hominibus

259 3205 347 3246 ne
379 3187 653 3263 amplius
682 3206 870 3264 quam
912 3187 1191 3264 singulas
1228 3189 1381 3248 artis
1426 3207 1608 3248 nosse
1654 3189 1856 3249 liceat.
1943 3191 2143 3260 Quare

260 3302 414 3359 non,
447 3283 503 3343 si
532 3283 1083 3361 eloquentissimus
1115 3285 1387 3370 Athenis
1431 3287 1706 3347 Pericles
1748 3286 2040 3365 idemque
2077 3289 2145 3347 in

260 3399 343 3440 ea
387 3380 644 3440 civitate
694 3380 999 3458 plurimos
1049 3400 1244 3444 annos
1296 3383 1586 3462 princeps
1635 3385 1859 3444 consili
1909 3385 2145 3462 publici

260 3477 416 3553 fuit,
468 3477 701 3538 idcirco
763 3478 1041 3538 eiusdem
1099 3479 1370 3539 hominis
1434 3485 1623 3558 atque
1671 3480 1827 3541 artis
1875 3486 2144 3558 utraque

260 3574 543 3636 facultas
574 3573 995 3634 existimanda
1020 3581 1136 3651 est,
1166 3595 1299 3651 nec,
1331 3575 1387 3635 si
1415 3577 1485 3634 P.
1517 3577 1778 3638 Crassus
1821 3576 1989 3637 idem
2016 3577 2144 3635 fuit

2192 2036 2279 2083 215

2193 3203 2279 3248 216
