2816 4097
570 358 697 424 176
1461 373 1694 422 ΝοΤΕε.

651 543 765 593 265.
805 544 1089 606 quoniam
1122 543 1185 592 in
1211 543 1617 593 Tusculanum
1650 544 1739 593 ire
1765 542 2116 593 constituit:
2156 540 2225 591 cf.
2250 540 2321 591 ad
2342 540 2461 591 Att.
2486 540 2582 594 IV.

570 626 650 686 16,
679 625 736 674 3:
777 628 947 677 multo
967 639 1062 688 eqo
1086 627 1260 689 maqis
1284 626 1383 675 hoe
1406 626 1540 675 mihi
1562 626 1854 676 cavendum
1868 626 2063 687 putavi
2090 625 2152 689 (i.
2162 640 2202 675 e.
2225 639 2291 675 ne
2314 626 2582 677 hominem

569 710 628 759 id
661 711 853 759 aetatis
893 709 952 758 in
987 714 1098 759 tam
1140 710 1300 770 lonqo
1336 722 1575 758 sermone
1610 708 1819 757 diutius
1852 700 2162 772 retinerem)
2200 709 2262 757 in
2301 706 2578 769 Scaevola,

570 793 666 854 qui
699 798 748 843 et
782 797 952 841 aetate
977 797 1026 841 et
1048 791 1352 841 valetudine
1389 797 1505 841 erat
1538 804 1619 850 ea,
1648 804 1755 851 qua
1780 804 1900 840 eum
1932 804 2042 841 esse
2072 791 2403 855 memmium
2438 797 2489 841 et
2511 793 2583 841 eis

571 876 884 934 honoribus,
915 880 973 924 ut
1007 875 1094 923 vix
1127 875 1263 925 satis
1295 874 1543 923 decorum
1577 874 1845 923 videretur
1878 887 1998 923 eum
2022 874 2203 936 pluris
2234 873 2349 923 dies
2381 886 2492 924 esse
2525 877 2582 924 in

579 957 764 1008 Crassi
797 958 1118 1007 Tusculano.
1193 955 1307 1004 The
1329 954 1615 1017 departure
1640 954 1698 1004 of
1734 954 1991 1005 Scaevola
2024 954 2141 1005 also
2170 954 2321 1017 gives
2354 954 2581 1005 suitable

571 1039 817 1089 occasion
862 1038 948 1087 for
993 1039 1085 1087 the
1132 1037 1497 1088 introduction
1544 1037 1601 1086 of
1648 1037 1705 1087 C.
1747 1038 1919 1087 Iulius
1964 1036 2162 1087 Caesar
2208 1037 2423 1098 Strabo,
2464 1038 2579 1088 who

571 1121 726 1172 takes
770 1127 893 1184 part
940 1122 998 1170 in
1044 1122 1135 1170 the
1181 1120 1382 1170 second
1434 1120 1585 1183 day's
1631 1120 2019 1170 conversation.
2040 1150 2107 1158 —
2125 1122 2578 1173 constituissem

572 1219 668 1256 me
712 1209 1031 1257 venturum
1075 1206 1142 1254 1..
1183 1205 1392 1255 Aelio:
1444 1204 1515 1252 cf.
1554 1204 1635 1265 58,
1673 1204 1798 1253 250:
1848 1206 1907 1253 in
1942 1219 2053 1254 rem
2080 1211 2438 1266 praesentem,
2476 1203 2578 1253 and.

571 1288 664 1337 the
700 1300 954 1350 passages
989 1286 1142 1335 there
1179 1285 1334 1335 cited.
1403 1285 1611 1347 Aelim,
1638 1284 1952 1335 mentioned
1986 1286 2045 1334 in
2073 1286 2156 1348 43,
2187 1286 2299 1335 193.
2321 1314 2387 1323 —
2406 1300 2576 1350 quam

570 1372 898 1421 iucundus:
939 1368 1196 1419 Scaevola
1227 1367 1394 1430 keeps
1428 1382 1503 1431 up
1535 1368 1620 1419 his
1648 1368 2048 1419 charanteristic
2082 1368 2221 1432 good
2254 1373 2452 1419 nature
2480 1368 2569 1434 (cf.

571 1453 620 1513 9,
648 1452 740 1517 35)
770 1458 827 1501 to
859 1452 951 1501 the
987 1451 1106 1511 last,
1129 1451 1239 1501 and
1272 1450 1441 1501 eloses
1477 1451 1609 1501 with
1632 1465 1665 1501 a
1688 1456 1859 1501 retort
1891 1465 2039 1514 upon
2072 1452 2301 1513 Antony
2326 1452 2386 1501 in
2409 1451 2573 1501 which

573 1534 668 1585 wit
690 1534 800 1584 and
820 1533 1172 1597 eompliment
1194 1547 1285 1583 are
1309 1532 1605 1597 gracefully
1628 1532 1929 1584 combined.
