2816 4097
556 366 642 427 58

1208 384 1278 430 M.
1316 385 1514 432 TULLI
1553 384 1902 433 CICERONIS
2018 385 2154 446 [Lm.
2178 388 2218 433 1.
2241 387 2376 435 Cn.
2395 390 2471 445 45,
2489 390 2559 436 46.

555 559 645 605 200
688 548 809 609 Est
868 550 1036 609 enim
1084 550 1219 610 sine
1278 552 1467 611 dubio
1515 552 1737 611 domus
1803 552 1958 611 iuris
2023 554 2301 613 consulti
2365 556 2560 615 totius

554 1142 641 1189 ml

689 646 1007 706 oraculum
1075 648 1371 708 civitatis.
1487 649 1697 709 Testis
1767 656 1866 709 est
1933 649 2196 709 huiusce
2261 652 2332 721 Q.
2397 653 2563 712 Muci

691 742 879 802 ianua
918 750 983 802 et
1014 744 1415 818 vestibulum,
1446 746 1616 822 quod
1655 746 1723 803 in
1765 745 1904 806 eius
1945 746 2384 807 infirmissima
2411 749 2564 808 vale-

689 839 906 899 tudine
963 840 1333 919 adfectaque
1390 841 1516 901 iam
1563 848 1770 902 aetate
1825 842 2106 903 maxima
2158 844 2394 904 cotidie
2450 846 2563 905 fre-

688 937 949 1013 quentia
994 938 1227 997 civium
1276 956 1349 998 ac
1406 957 1794 999 summorum
1849 939 2174 1000 hominum
2229 941 2562 1019 splendore

688 1033 1050 1096 celebratur.

762 1130 860 1193 46.
915 1132 1051 1192 Iam
1112 1132 1225 1191 illa
1286 1151 1414 1192 non
1475 1133 1724 1210 longam
1786 1133 2128 1193 orationem
2180 1132 2559 1211 desiderant,

688 1248 872 1306 quam
918 1228 997 1289 ob
1037 1247 1169 1289 rem
1210 1229 1567 1289 existimem
1615 1229 1871 1307 publica
1910 1249 2160 1307 quoque
2202 1231 2362 1307 iura,
2407 1252 2563 1312 quae

688 1332 838 1386 sunt
880 1326 1133 1404 propria
1160 1326 1443 1387 civitatis
1472 1333 1660 1404 atque
1703 1326 1946 1404 imperi,
1977 1333 2114 1387 tum
2157 1336 2562 1389 monumenta

689 1443 895 1483 rerum
939 1428 1254 1498 gestarum
1295 1429 1359 1482 et
1400 1424 1744 1484 vetustatis
1785 1424 2076 1502 exempla
2127 1426 2368 1485 oratori
2415 1432 2564 1486 nota

686 1540 823 1581 esse
871 1520 1112 1580 debere.
1198 1520 1363 1579 Nam
1416 1526 1487 1580 ut
1539 1520 1610 1579 in
1657 1539 1864 1580 rerum
1913 1520 2310 1599 privatarum
2360 1522 2560 1583 causis

687 1624 877 1695 atque
932 1616 1182 1677 iudiciis
1223 1617 1646 1695 depromenda
1688 1634 1874 1695 saepe
1916 1618 2116 1677 oratio
2161 1624 2262 1678 est
2305 1638 2384 1679 ex
2427 1620 2560 1679 iure

686 1714 859 1773 civili
896 1720 961 1773 et
1003 1714 1255 1787 idcirm,
1287 1720 1359 1774 ut
1386 1720 1535 1774 ante
1563 1714 1854 1788 diximuS,
1887 1714 2121 1775 oratori
2162 1715 2326 1776 iuris
2355 1717 2560 1777 civilis

684 1811 949 1871 scientia
988 1811 1339 1871 necessaria
1379 1818 1494 1885 est,
1539 1811 1630 1871 sic
1674 1811 1743 1870 in
1784 1812 1988 1871 causis
2034 1812 2306 1889 publicis
2351 1813 2562 1873 iudici-

686 1926 881 1982 orum,
912 1908 1290 1982 contionum,
1321 1914 1578 1968 senatus
1619 1908 1822 1968 omnis
1865 1908 2018 1968 haec
2055 1913 2121 1968 et
2153 1909 2560 1988 antiquitatis

686 2005 985 2066 memoria
1026 2010 1092 2065 et
1133 2004 1369 2084 publici
1428 2004 1584 2065 iuris
1629 2004 1968 2065 auctoritas
2013 2010 2077 2065 et
2118 2007 2430 2082 regendae
2469 2006 2558 2066 rei

685 2104 973 2182 publicae
1023 2103 1183 2163 ratio
1225 2121 1297 2162 ac
1340 2102 1604 2163 scientia
1646 2107 1966 2180 tamquam
2008 2103 2224 2181 aliqua
2265 2104 2556 2165 materies

685 2202 773 2261 eis
816 2201 1186 2274 oratoribus,
1202 2199 1341 2278 =qui
1385 2204 1716 2258 versantur
1760 2199 1826 2258 in
1868 2219 1934 2258 re
1976 2199 2246 2277 publica,
2281 2201 2558 2263 subiecta

680 2318 815 2360 esse
845 2299 1053 2359 debet.
1128 2298 1273 2356 Non
1302 2296 1472 2356 enim
1500 2295 1882 2355 causidicum
1910 2296 2123 2356 nescio
2146 2315 2340 2373 quem
2361 2315 2554 2374 neque

682 2398 1086 2457 clamatorem
1114 2399 1223 2454 aut
1262 2393 1544 2452 rabulam
1587 2392 1704 2451 hoe
1733 2411 2014 2452 sermone
2054 2398 2271 2452 nostro
2313 2393 2558 2471 conqui-

683 2495 894 2568 rimus,
948 2493 1059 2553 sed
1122 2510 1262 2552 eum
1312 2490 1538 2562 virum,
1586 2489 1696 2567 qui
1757 2489 2030 2566 primum
2079 2489 2164 2548 sit
2216 2490 2357 2551 eius
2405 2489 2552 2550 artis

680 2593 964 2665 antiste5‚
1025 2589 1203 2649 cuius
1262 2606 1404 2648 cum
1475 2586 1614 2664 ipsa
1670 2591 1898 2645 natura
1957 2603 2246 2661 magnam
2319 2584 2552 2646 homini

682 2689 1053 2750 facultatem
1096 2687 1293 2760 daret,
1337 2690 1548 2744 tamen
1605 2685 1860 2759 larqitus
1901 2700 2036 2742 esse
2079 2682 2234 2742 deus
2279 2688 2549 2760 putatur,

683 2794 753 2845 ut
817 2786 883 2844 id
947 2784 1172 2860 ipsum,
1240 2781 1410 2859 quod
1471 2784 1607 2839 erat
1675 2778 1948 2838 hominis
2019 2779 2362 2856 proprium,
2434 2797 2553 2838 non

682 2888 934 2962 partum
978 2898 1091 2957 per
1131 2897 1262 2952 noe,
1296 2878 1405 2938 sed
1447 2875 1754 2935 divinitus
1793 2875 1874 2934 ad
1915 2893 2030 2934 nos
2073 2874 2360 2935 delatum
2390 2875 2552 2935 vide-

682 2985 890 3052 retur3
955 2975 1197 3048 deinde,
1250 2974 1360 3051 qui
1408 2972 1612 3051 possit
1660 2990 1787 3030 non
1847 2975 1980 3030 tam
2041 2971 2313 3032 caduceo
2371 2990 2554 3050 quam

680 3074 933 3136 nomine
975 3070 1241 3131 oratoris
1272 3074 1530 3129 ornatus
1561 3067 1892 3128 incolumis
1928 3066 2025 3127 vel
2067 3067 2235 3126 inter
2277 3068 2552 3128 hostium

679 3173 809 3234 tela
856 3168 1128 3242 versari3
1191 3172 1345 3239 tum,
1391 3165 1502 3242 qui
1552 3164 1754 3224 scelus
1813 3163 2222 3240 fraudemque
2272 3164 2556 3224 nocentis

678 3267 882 3350 possit
940 3264 1205 3325 dicendo
1269 3261 1548 3321 subicere
1611 3261 1754 3321 odio
1817 3260 2051 3321 civium
2119 3259 2560 3339 supplicioque

680 3364 1141 3440 constringere3
1189 3360 1478 3434 idemque
1522 3359 1733 3435 ingeni
1776 3356 2088 3436 praesidio
2130 3355 2562 3418 innocentiam

679 3462 1055 3525 iudiciorum
1101 3474 1303 3536 poena
1343 3453 1640 3530 liberare3
1699 3455 1985 3532 idemque
2027 3453 2434 3529 languentem
2475 3454 2565 3514 la-

677 3563 1053 3640 bentemque
1110 3551 1417 3634 populum
1469 3556 1581 3611 aut
1634 3552 1716 3611 ad
1763 3551 1952 3612 decus
2000 3549 2278 3610 excitare
2326 3557 2440 3611 aut
2482 3549 2567 3612 ab
