2816 4097
553 374 639 441 64
1210 390 1282 439 Μ.
1319 392 1521 440 'toul
1559 390 1908 439 olcERoms
2015 390 2150 452 [In.
2175 391 2212 437 1.
2236 391 2366 439 cu.
2388 392 2463 449 50,
2483 394 2553 439 51.

689 557 988 637 eloquens
1036 564 1101 619 et
1150 558 1305 619 iuris
1356 559 1614 637 peritus,
1665 559 1746 619 ob
1794 577 1932 619 eam
1976 578 2224 619 causam
2275 560 2441 619 inest
2492 560 2558 618 in

554 666 641 715 217
689 656 991 716 facultate
1037 655 1287 715 dicendi
1342 656 1502 715 iuris
1546 656 1754 716 civilis
1797 656 2077 716 scientia.
2163 656 2331 715 Nam
2373 656 2446 730 si,
2489 660 2559 715 ut

691 752 955 831 quisque
1005 752 1071 811 in
1117 752 1331 831 aliqua
1366 758 1502 812 arte
1541 758 1606 812 et
1657 754 1962 813 facultate
2011 753 2325 813 excellens
2375 754 2561 813 aliam

689 868 933 928 quoque
968 855 1169 909 artem
1212 849 1334 910 sibi
1374 850 1814 929 adsumpserit,
1846 851 1899 910 is
1946 850 2247 928 perficiet,
2276 855 2365 925 ut,
2397 850 2562 927 quod

692 952 1013 1027 praeterea
1042 946 1214 1022 sciet,
1239 947 1305 1006 id
1332 946 1488 1021 eius,
1517 948 1586 1006 in
1613 967 1737 1026 quo
1768 948 2048 1022 excellet,
2084 966 2228 1026 pars
2260 948 2563 1025 quaedam

689 1062 823 1105 esse
855 1044 1161 1119 videatur,
1190 1044 1340 1103 licet
1382 1044 1508 1103 ista
1535 1044 1777 1104 ratione
1820 1044 2098 1104 dicamus
2145 1045 2275 1122 pila
2311 1046 2468 1105 bene
2496 1051 2562 1104 et

690 1141 1018 1201 duodecim
1064 1140 1313 1218 scriptis
1356 1141 1573 1200 ludere
1616 1141 1941 1220 proprium
1970 1160 2107 1201 esse
2150 1140 2302 1201 iuris
2339 1141 2565 1215 civiliS,

689 1238 983 1317 quoniam
1018 1244 1357 1316 utrumqne
1400 1257 1614 1298 eorum
1658 1239 1727 1297 P.
1762 1238 2012 1299 Mucius
2041 1238 2275 1317 optime
2319 1238 2563 1314 fecerit,

688 1336 1028 1414 eademque
1072 1334 1314 1395 ratione
1358 1335 1648 1395 dicantur
1704 1336 1780 1409 ei,
1826 1354 1980 1413 quos
2025 1339 2295 1411 φυσικούς
2340 1337 2568 1396 Graeci

688 1432 1035 1507 nominant,
1066 1432 1271 1492 eidem
1314 1438 1551 1510 poetae,
1583 1432 1876 1509 quoniam
1909 1432 2316 1509 Empedocles
2355 1433 2568 1510 physi-

688 1549 797 1591 cus
840 1529 1159 1606 egregium
1203 1534 1424 1607 poema
1465 1530 1711 1589 fecerit.
1796 1529 1884 1588 At
1927 1529 2044 1588 hoc
2079 1548 2156 1589 ne
2201 1529 2568 1607 philosophi

688 1626 940 1705 quidem
984 1627 1125 1705 ipsi,
1158 1626 1267 1704 qui
1296 1626 1525 1699 omnia,
1557 1627 1720 1686 sicut
1762 1626 2032 1704 propria,
2065 1645 2178 1686 sua
2206 1645 2340 1687 esse
2371 1633 2566 1704 atque

686 1742 724 1785 a
753 1742 817 1785 se
862 1723 1169 1802 possideri
1202 1724 1439 1797 volunt,
1475 1724 1678 1783 dicere
1723 1724 1971 1797 audent,
2006 1724 2411 1800 geometriam
2453 1730 2569 1784 aut

688 1820 985 1881 musicam
1044 1819 1405 1898 philosophi
1448 1839 1602 1894 esse,
1648 1821 1797 1898 quia
1840 1820 2173 1880 Platonem
2221 1840 2437 1881 omnes
2495 1822 2568 1880 in

557 1928 639 1975 218
686 1916 815 1977 illis
852 1917 1093 1977 artibus
1135 1918 1751 1995 praestantissimum
1794 1918 1996 1979 fuisse
2039 1918 2378 1978 fateantur.
2467 1920 2568 1979 Ac

688 2014 741 2076 si
777 2014 898 2076 iam
942 2014 1149 2094 placet
1190 2015 1394 2076 omnis
1439 2015 1595 2077 artis
1637 2016 1872 2076 oratori
1915 2015 2308 2092 subiungere,
2340 2016 2568 2077 tolera-

686 2113 873 2174 bilius
906 2118 1002 2172 est
1034 2113 1121 2174 sic
1152 2113 1362 2191 potius
1393 2113 1617 2187 dicere,
1646 2119 1732 2187 ut,
1767 2114 2062 2191 quoniam
2091 2114 2339 2173 dicendi
2370 2113 2570 2174 facul-

683 2216 782 2272 tas
832 2229 957 2270 non
1006 2211 1231 2270 debeat
1277 2229 1414 2270 esse
1459 2210 1668 2270 ieiuna
1709 2217 1896 2288 atque
1938 2211 2121 2285 nuda,
2158 2210 2269 2270 sed
2303 2230 2568 2288 aspersa

684 2314 873 2386 atque
937 2307 1238 2367 distincta
1302 2307 1644 2367 multarum
1706 2326 1915 2367 rerum
1971 2308 2240 2368 iucunda
2290 2309 2566 2386 quadam

683 2406 1008 2480 varietate,
1048 2405 1133 2464 sit
1179 2403 1327 2463 boni
1365 2405 1632 2464 oratoris
1681 2404 1882 2464 multa
1919 2405 2173 2465 auribus
2222 2406 2560 2482 accepisse,

682 2502 883 2563 multa
944 2501 1198 2576 vidisse,
1264 2500 1468 2561 multa
1527 2502 1734 2560 animo
1795 2508 1858 2561 et
1907 2502 2304 2577 cogitatione,
2359 2503 2565 2562 multa

682 2600 875 2660 etiam
902 2600 1166 2676 legendo
1199 2599 1676 2677 percucurrisse,
1723 2617 1923 2676 neque
1968 2619 2041 2658 ea
2080 2605 2154 2658 ut
2195 2619 2309 2659 sua
2353 2619 2565 2677 posse·

682 2697 870 2770 disse,
911 2697 1020 2756 sed
1068 2702 1140 2756 ut
1182 2696 1389 2756 aliena
1439 2696 1687 2756 libasse.
1775 2697 2002 2756 Fateor
2043 2697 2210 2756 enim
2253 2696 2562 2756 callidum

682 2793 994 2871 quendam
1036 2793 1201 2852 hunc
1243 2799 1307 2853 et
1348 2792 1527 2853 nulla
1567 2793 1636 2851 in
1670 2813 1735 2853 re
1773 2793 2038 2854 tironem
2082 2813 2152 2854 ac
2195 2782 2413 2854 rudem
2445 2814 2562 2854 nec

682 2888 1078 2968 peregrinum
1112 2896 1301 2969 atque
1332 2891 1649 2969 hospitem
1679 2891 1746 2949 in
1775 2891 2014 2967 agendo
2043 2910 2180 2951 esse
2210 2892 2452 2952 debere.

689 3077 797 3130 The
838 3085 1015 3130 orator
1054 3078 1177 3131 does
1218 3087 1303 3130 not
1342 3077 1548 3147 require
1589 3079 1902 3147 speculative
1917 3079 2306 3148 philosophica!
2341 3080 2558 3142 studies,

760 3165 847 3218 but
870 3181 905 3217 a
929 3164 1179 3234 thorouqh
1202 3164 1466 3232 practica!
1498 3166 1797 3236 knowledqe
1833 3166 1902 3235 qs
1927 3166 2122 3218 human
2159 3175 2366 3219 nature.
2445 3167 2562 3218 An-

760 3261 880 3321 tony
918 3252 1197 3303 illustrares
1222 3250 1286 3319 by
1310 3252 1391 3304 the
1418 3269 1561 3304 cases
1595 3253 1666 3321 of
1689 3252 1926 3305 Rutilius
1951 3253 2134 3322 Rufits
2156 3255 2268 3306 and
2295 3253 2558 3306 Socrates.

758 3338 824 3404 ἐξ
850 3337 1115 3390 219-233.

540 3489 631 3536 219
756 3475 853 3538 51.
898 3475 1123 3552 Neque
1178 3493 1327 3535 vero
1388 3474 1532 3536 istis
1591 3477 1930 3554 tragoediis
1979 3478 2128 3552 tuis,
2177 3479 2407 3556 quibus
2455 3478 2556 3537 uti

678 3567 1045 3651 philosophi
1070 3571 1338 3632 maxime
1368 3571 1592 3648 solent,
1617 3573 1855 3648 erasse,
1889 3574 2234 3650 perturbor,
2263 3575 2433 3653 quod
2461 3574 2557 3633 ita
