2816 4097
242 402 366 448 Lm.
390 402 429 448 1.
452 401 584 451 cu.
605 403 681 461 53,
701 400 799 463 54]
1033 401 1125 448 DE
1163 400 1491 450 onA'romz.
2177 381 2262 445 69

243 570 510 630 civitate
554 587 650 629 res
693 574 999 647 ageretur.
1086 569 1289 629 Nemo
1332 568 1660 645 ingemuit,
1704 586 1888 628 nemo
1942 566 2128 629 incla-

243 667 452 727 mavit
511 673 931 745 patronorum,
976 666 1142 727 nihil
1198 665 1490 744 cuiquam
1541 665 1763 739 doluit,
1807 684 1988 725 nemo
2031 671 2131 726 est

244 770 532 843 questus,
556 784 739 824 nemo
768 783 901 823 rem
930 764 1244 841 publicam
1272 762 1657 841 imploravit,
1682 782 1864 822 nemo
1897 762 2130 841 suppli-

245 862 437 922 cavit.
522 861 689 931 Quid
730 861 931 921 multa.
951 863 982 921 ?
1026 861 1246 939 pedem
1276 878 1458 920 nemo
1489 860 1557 919 in
1589 859 1701 919 illo
1732 859 1964 920 iudicio
1992 879 2132 938 sup-

247 959 469 1036 plosit,
500 959 702 1033 credo,
733 976 812 1017 ne
843 957 1071 1017 Stoicis
1102 956 1586 1017 renuntiaretur.

332 1053 431 1115 54.
479 1054 775 1114 Imitatus
806 1060 905 1114 est
933 1054 1116 1114 homo
1147 1056 1469 1114 Romanus
1501 1059 1564 1113 et
1594 1053 1940 1114 consularis
1973 1058 2135 1113 vete-
2178 1062 2264 1108 231

248 1171 386 1211 rem
445 1152 627 1211 illum
686 1151 1021 1226 Socratem,
1067 1152 1194 1229 qui,
1240 1170 1381 1210 cum
1426 1151 1706 1210 omnium
1749 1149 2134 1228 sapientissi-

250 1268 395 1309 mus
438 1254 626 1313 ,esset
682 1248 1204 1326 sanctissimeque
1262 1248 1547 1323 vixisset,
1610 1248 1702 1307 ita
1765 1248 1832 1307 in
1899 1247 2130 1306 iudicio

251 1346 487 1424 capitis
516 1364 627 1423 pro
657 1364 725 1405 se
760 1345 893 1423 ipse
923 1344 1105 1420 dixit,
1135 1351 1209 1404 ut
1236 1364 1362 1404 non
1391 1344 1661 1422 supplex
1690 1350 1800 1403 aut
1830 1362 1990 1418 reue,
2022 1343 2132 1403 sed

251 1443 557 1519 magister
586 1448 697 1503 aut
725 1442 1015 1503 dominus
1043 1442 1365 1502 videretur
1410 1460 1544 1501 esse
1589 1441 1880 1501 iudicum.
1967 1440 2132 1510 Quin

251 1541 467 1615 etiam,
488 1559 629 1599 cum
651 1540 708 1599 ei
738 1540 1038 1619 scriptam
1066 1540 1416 1600 orationem
1445 1538 1895 1599 disertissimus
1926 1543 2134 1597 orator

252 1636 485 1714 Lysias
528 1636 864 1713 attulisset,
897 1656 1102 1715 quam,
1135 1637 1192 1697 si
1234 1636 1294 1697 ei
1334 1636 1674 1711 videretur,
1711 1635 2032 1710 edisceret,
2061 1642 2135 1694 ut

252 1753 331 1793 ea
380 1752 496 1811 pro
548 1752 614 1793 se
663 1734 730 1792 in
777 1734 1006 1794 iudicio
1056 1740 1357 1810 uteretur,
1410 1752 1536 1793 non
1584 1732 1820 1793 invitus
1871 1732 2027 1809 legit
2070 1739 2134 1792 et

251 1831 579 1892 commode
624 1831 922 1909 scriptam
962 1850 1098 1891 esse
1127 1831 1325 1907 dixit3
1370 1832 1498 1906 sed,
1530 1830 1757 1908 inquit,
1789 1836 1862 1890 ut
1893 1831 1948 1890 si
1976 1830 2136 1889 mihi

251 1928 498 1989 calceos
551 1928 876 2007 Sicyonios
947 1928 1289 2003 attulisseS,
1362 1947 1489 1988 non
1557 1934 1786 2002 uterer,
1848 1927 2135 2005 quamvis

252 2033 475 2089 essent
534 2026 779 2087 habiles
828 2033 891 2087 et
940 2026 1073 2104 apti
1130 2026 1209 2086 ad
1259 2026 1501 2104 pedem,
1555 2025 1703 2103 quia
1751 2044 1874 2084 non
1925 2030 2136 2086 essent

252 2125 499 2199 viriles,
531 2124 619 2183 sic
647 2124 820 2184 illam
852 2124 1196 2184 orationem
1228 2123 1528 2182 disertam
1560 2121 1679 2182 sibi
1711 2130 1772 2181 et
1802 2123 2136 2182 oratoriam

252 2221 483 2296 videri,
514 2221 743 2280 fortem
780 2226 843 2280 et
873 2221 1121 2279 virilem
1162 2239 1289 2280 non
1331 2219 1548 2278 videri.
1635 2219 1800 2294 Ergo
1843 2218 1950 2277 ille
1994 2237 2139 2296 quo-

254 2336 386 2396 que
438 2319 769 2378 damnatus
819 2324 931 2393 est,
982 2335 1182 2395 neque
1235 2317 1438 2376 solum
1504 2315 1723 2392 primis
1787 2314 2134 2388 sententiiS,

254 2415 491 2494 quibus
562 2421 811 2475 tantum
880 2414 1243 2475 statuebant
1312 2412 1568 2486 iudiceS,
1622 2411 1990 2472 damnarent
2058 2431 2140 2470 an

253 2512 681 2587 absolverent,
715 2513 823 2572 sed
852 2512 1043 2571 etiam
1072 2510 1222 2584 illis,
1255 2528 1410 2587 quas
1441 2509 1674 2568 iterum
1701 2508 1944 2584 legibus
1975 2508 2140 2567 ferre

253 2610 590 2669 debebant.
677 2610 834 2668 Erat
874 2608 1041 2668 enim
1072 2607 1342 2667 Athenis
1388 2624 1492 2664 reo
1516 2606 1823 2664 ‘damnato
1868 2606 1921 2663 si
1965 2605 2141 2665 fraus
2189 2616 2276 2662 232

254 2705 556 2783 capitalis
598 2725 723 2766 non
766 2710 948 2779 esset,
982 2704 1162 2782 quasi
1205 2722 1439 2782 poenae
1483 2702 1872 2779 aestimati03
1918 2708 1983 2762 et
2011 2722 2143 2762 sen-

253 2803 469 2864 tentia
526 2821 663 2862 cum
722 2801 1033 2862 iudicibus
1093 2801 1361 2876 daretur,
1419 2800 1923 2878 interrogabatur
1979 2819 2139 2874 reus,

256 2918 457 2979 qnam
494 2899 706 2980 [quasi
734 2898 1269 2978 aestimationem]
1302 2896 1745 2957 commeruisse
1776 2915 1842 2956 se
1871 2897 2142 2956 maxime

258 2996 705 3073 confiteretur3
765 2997 931 3075 quod
974 3014 1114 3055 cum
1156 2995 1582 3071 interrogatus
1627 2994 1914 3055 Socrates
1957 2999 2140 3068 esset,

258 3094 596 3172 respondit
638 3113 771 3154 sese
815 3093 1137 3167 meruisse,
1166 3098 1242 3151 ut
1274 3091 1682 3170 amplissimis
1711 3091 2050 3152 honoribus
2081 3097 2145 3151 et

260 3191 566 3270 praemiis
610 3192 1004 3252 decoraretur
1062 3195 1127 3249 et
1183 3195 1257 3248 ut
1317 3189 1375 3248 ei
1434 3189 1638 3248 victus
1684 3188 2034 3249 cotidianus
2081 3189 2148 3247 in

259 3290 587 3367 Prytaneo
619 3289 865 3365 publice
892 3289 1334 3366 praeberetur„
1359 3287 1469 3364 qui
1511 3286 1709 3346 honos
1751 3285 1920 3363 apud
1962 3287 2146 3346 Grae-

263 3405 375 3446 cos
420 3385 729 3445 maximus
778 3385 1058 3445 habetur.
1146 3383 1341 3446 Cuius
1399 3401 1698 3459 responso
1760 3382 1997 3442 iudices
2057 3381 2145 3442 sic
2193 3392 2281 3438 233

262 3488 662 3556 exarserunt,
738 3488 811 3541 ut
879 3482 1105 3560 capitis
1174 3481 1493 3540 hominem
1563 3478 2146 3538 innocentissimum

262 3579 772 3640 condemnarent.
858 3579 977 3650 Qui
1012 3577 1265 3656 quidem
1310 3577 1365 3636 si
1408 3577 1734 3635 absolutus
1765 3578 1947 3647 esset,
1980 3573 2148 3650 quod
