2816 4097
544 355 629 419 62

546 1328 634 1373 212

547 2787 635 2832 213

1198 376 1269 423 Μ.
1306 374 1506 424 ‘mm
1544 376 1894 425 olonnoms
2003 375 2138 437 [Lm.
2163 378 2203 424 1.
2226 377 2357 425 ou.
2378 378 2525 435 4s‚49.

679 540 1120 603 moderandam
1168 562 1352 603 usum
1416 549 1481 604 et
1509 544 1859 605 scientiam
1915 550 1980 605 et
2037 544 2315 605 studium
2370 564 2528 604 suum

678 638 1069 714 contulisset,
1111 640 1438 701 definirem
1488 641 1605 701 hoc
1655 642 1874 717 mod03
1937 642 2046 719 qui
2095 642 2322 719 quibus
2368 643 2528 701 rebus

678 728 925 796 utilitas
969 738 1062 797 rei
1104 737 1389 814 publicae
1446 744 1774 817 pareretur
1815 744 2269 816 augeretur-que
2311 743 2532 799 teneret

679 832 892 909 eisque
920 839 1223 909 uteretur,
1253 835 1422 895 hunc
1453 836 1544 895 rei
1587 835 1872 913 publicae
1905 842 2205 896 rectorem
2235 842 2300 895 et
2330 836 2532 895 consili

680 929 918 1006 publici
959 936 1275 991 auctorem
1322 950 1457 992 esse
1499 933 1871 1007 habendum,
1905 933 2445 1010 praedicaremque
2468 933 2528 991 P.

680 1026 1019 1086 Lentulum
1063 1030 1410 1106 principem
1452 1030 1636 1088 illum
1674 1035 1738 1089 et
1782 1030 1875 1089 Ti.
1919 1030 2272 1090 Gracchum
2312 1035 2534 1107 patrem

680 1128 746 1181 et
774 1124 841 1193 Q.
865 1125 1195 1186 Metellum
1220 1132 1282 1185 et
1310 1127 1379 1185 P.
1401 1125 1775 1185 Africanum
1797 1131 1862 1186 et
1887 1127 1950 1187 C.
1974 1126 2263 1185 Laelium
2285 1131 2349 1186 et
2379 1127 2539 1185 innu-

679 1221 997 1281 merabilis
1042 1222 1198 1283 alios
1230 1242 1368 1283 cum
1400 1242 1478 1282 ex
1506 1228 1722 1283 nostra
1751 1223 2008 1284 civitate
2038 1227 2174 1282 tum
2203 1242 2281 1283 ex
2310 1224 2533 1283 ceteris.

684 1317 796 1376 Sin
823 1324 1033 1378 autem
1077 1324 1482 1397 quaereretur
1525 1320 1816 1397 quisnam
1858 1320 2012 1379 iuris
2057 1321 2379 1381 consultus
2409 1339 2537 1379 vere

681 1416 1128 1491 nominaretur,
1161 1435 1301 1475 eum
1332 1417 1620 1491 dicerem,
1653 1418 1760 1495 qui
1804 1418 2015 1493 legum
2057 1422 2122 1476 et
2166 1416 2540 1476 consuetudi-

681 1511 781 1571 nis
843 1512 997 1587 eius,
1049 1532 1173 1591 qua
1234 1513 1470 1591 privati
1532 1514 1598 1572 in
1661 1514 1918 1573 civitate
1967 1518 2314 1590 uterentur,
2365 1518 2426 1573 et
2469 1514 2542 1572 ad

680 1611 1184 1686 respondendum
1212 1617 1276 1671 et
1305 1613 1385 1672 ad
1414 1611 1721 1687 agendum
1746 1615 1810 1670 et
1833 1611 1912 1671 ad
1941 1611 2284 1671 cavendum
2317 1610 2551 1689 peritus-

683 1712 869 1780 esset,
916 1713 979 1765 et
1029 1726 1105 1766 ex
1154 1727 1226 1767 eo
1276 1726 1500 1785 genere
1552 1709 1692 1768 Sex.
1736 1708 2008 1783 Aelium,
2049 1709 2157 1767 M.’
2198 1708 2542 1781 Manilium,

681 1803 749 1861 P.
784 1804 1062 1863 Mucium
1093 1805 1495 1864 nominarem.

761 1898 858 1959 49.
904 1900 1133 1979 Atque,
1156 1908 1228 1961 ut
1256 1902 1378 1961 iam
1410 1902 1491 1961 ad
1520 1902 1758 1961 leviora
1785 1902 2017 1962 artium
2047 1903 2262 1962 studia
2288 1902 2546 1975 veniam,

684 1997 738 2058 si
769 1998 1061 2073 musicus,
1082 1998 1136 2058 si
1164 1998 1625 2075 grammaticuS,
1647 1999 1702 2058 si
1732 2005 1916 2078 poeta
1945 2004 2298 2078 quaeratur,
2321 1998 2549 2078 possim

684 2094 981 2155 similiter
1028 2097 1359 2174 explicare,
1404 2097 1560 2174 quid
1609 2116 1824 2156 eorum
1874 2098 2138 2176 quisque
2189 2097 2551 2174 profiteatur

684 2197 748 2252 et
812 2212 935 2270 quo
997 2212 1124 2252 non
1186 2193 1457 2270 amplius
1507 2194 1586 2253 ab
1635 2213 1880 2271 quoque
1945 2195 2031 2254 sit
2093 2195 2548 2272 postulandum.

682 2290 1057 2368 Philosophi
1098 2291 1369 2367 denique
1412 2291 1630 2367 ipsius,
1663 2291 1773 2368 qui
1809 2292 1886 2350 de
1915 2309 2030 2351 sua
2058 2291 2121 2349 vi
2149 2309 2220 2350 ac
2249 2289 2556 2369 sapientia

681 2407 843 2446 unus
874 2387 1085 2447 omnia
1117 2405 1313 2466 paene
1358 2387 1704 2464 profitetur,
1737 2394 1834 2446 est
1875 2394 2087 2448 tamen
2127 2389 2432 2465 quaedam
2461 2387 2557 2446 de-

685 2485 963 2562 scripti0,
993 2489 1066 2544 ut
1097 2485 1171 2560 is,
1202 2485 1312 2562 qui
1354 2485 1608 2544 studeat
1650 2485 1926 2544 omnium
1965 2504 2169 2544 rerum
2201 2485 2558 2544 divinarum

682 2588 869 2658 atque
912 2583 1327 2641 humanarum
1369 2581 1516 2656 vim,
1549 2587 1837 2641 naturam
1881 2601 2222 2659 causasque
2268 2600 2450 2642 nosse
2493 2585 2560 2638 et

683 2697 929 2738 omnem
999 2680 1154 2739 bene
1205 2678 1460 2738 vivendi
1520 2679 1824 2738 rationem
1881 2685 2094 2738 tenere
2131 2685 2196 2738 et
2247 2677 2556 2756 persequi,

684 2776 934 2834 nomine
986 2776 1101 2834 hoc
1151 2775 1519 2853 appelletur.
1609 2775 1938 2836 Oratorem
1988 2782 2215 2850 autem,
2264 2775 2562 2853 quoniam

685 2873 763 2931 de
806 2891 877 2930 eo
922 2872 1295 2949 quaerimus,
1328 2872 1620 2950 equidem
1664 2891 1788 2932 non
1833 2873 1996 2933 facio
2038 2874 2325 2947 eundem,
2371 2891 2561 2951 quem

684 2970 969 3043 CrassuS,
1014 2969 1121 3044 qui
1170 2969 1328 3027 mihi
1367 2969 1540 3028 visus
1582 2975 1680 3030 est
1729 2989 1976 3030 omnem
2024 2969 2304 3028 omnium
2351 2988 2564 3028 rerum

684 3071 873 3143 atque
918 3065 1144 3123 artium
1192 3067 1520 3125 scientiam
1563 3067 2085 3144 comprehendere
2129 3085 2253 3126 uno
2292 3064 2564 3125 oratoris

684 3161 886 3221 officio
915 3180 986 3220 ac
1014 3162 1295 3236 nomine3
1340 3169 1528 3241 atque
1561 3182 1701 3222 eum
1746 3170 1898 3240 puto
1928 3181 2080 3238 esse,
2113 3163 2224 3240 qui
2254 3171 2319 3222 et
2349 3161 2566 3222 verbis

688 3260 767 3318 ad
809 3259 1186 3317 audiendum
1231 3259 1518 3318 iucundis
1563 3265 1627 3319 et
1671 3260 2000 3320 sententiis
2044 3261 2124 3320 ad
2166 3260 2566 3336 probandum

686 3355 1165 3414 accommodatis
1208 3354 1305 3414 uti
1346 3357 1550 3433 possit
1598 3357 1662 3415 in
1706 3358 1910 3417 causis
1963 3357 2323 3416 forensibus
2367 3363 2566 3433 atque

687 3453 1135 3512 communibus
1224 3454 1410 3512 Hunc
1461 3473 1574 3529 ego
1623 3454 1872 3531 appello
1930 3459 2240 3514 oratorem
2291 3469 2568 3530 eumque

687 3567 823 3609 esse
868 3554 1189 3626 praeterea
1232 3549 1612 3609 instructum
1653 3568 1802 3610 voce
1845 3555 1911 3612 et
1952 3549 2196 3610 actione
2239 3557 2306 3611 et
2346 3551 2568 3628 lepore
