2816 4097
609 386 691 453 30

606 980 692 1025 102

602 1852 687 1897 103

1268 410 1335 456 Μ.
1374 410 1576 457 TULLI
1615 410 1962 457 CICERONIS
2073 408 2212 468 [Lm.
2237 410 2280 455 1.
2305 409 2444 455 CAP.
2464 408 2537 463 22,
2559 408 2629 452 23.

742 572 825 625 As
844 582 895 627 to
912 575 993 627 the
1014 576 1247 645 question
1269 578 1488 629 whether
1507 577 1644 629 there
1666 576 1708 629 is
1733 594 1806 629 an
1825 586 1908 629 art
1932 576 2287 645 osspealcinq,
2303 606 2381 615 —
2403 575 2630 627 Crassus

820 678 943 730 says
981 662 1018 714 it
1054 664 1287 733 dependis
1324 681 1468 733 upon
1503 665 1584 717 the
1619 681 1765 718 sense
1794 664 1851 716 in
1891 664 2050 716 which
2087 665 2168 716 the
2207 664 2358 716 word
2399 663 2446 714 is
2487 663 2626 714 used.

822 748 895 801 In
930 766 967 802 a
1009 750 1211 804 certain
1258 769 1405 805 sense
1443 753 1582 805 there
1621 752 1699 817 is;
1749 753 1834 803 but
1875 752 2148 821 eloquence
2197 751 2438 819 depends
2490 767 2628 818 upon

822 845 1031 891 matters
1056 856 1196 891 more
1222 839 1502 908 important
1527 840 1652 892 than
1677 840 1756 891 the
1781 840 1919 891 rules
1945 839 2015 908 os
2026 847 2124 891 art.
2201 839 2267 905 ἕξ
2297 836 2565 889 102-109.

822 972 1039 1049 Atqui,
1086 972 1309 1051 inquit,
1356 973 1474 1033 hoc
1523 992 1600 1032 ex
1643 980 1724 1047 te,
1770 974 1846 1032 de
1897 992 2020 1049 quo
2069 972 2252 1031 modo
2301 971 2630 1030 Antonius

740 1069 1051 1145 exposuit,
1083 1069 1237 1147 quid
1275 1070 1529 1144 sentias,
1562 1070 1938 1147 quaerimus,
1970 1069 2379 1128 existimesne
2421 1072 2632 1127 artem

738 1164 1013 1241 aliquam
1046 1184 1181 1226 esse
1212 1166 1516 1226 dicendi?
1603 1167 1822 1237 Quid?
1866 1166 2022 1225 mihi
2052 1185 2163 1225 vos
2192 1184 2377 1239 nunc,
2411 1164 2632 1241 inquit

738 1262 1018 1337 CrassuS,
1051 1270 1373 1343 tamquam
1401 1264 1590 1323 alicui
1625 1262 1930 1323 Graeculo
1965 1262 2151 1321 otiosi
2183 1269 2247 1320 et
2277 1261 2534 1339 loquaci
2567 1270 2634 1320 et

738 1358 1009 1420 fortasse
1052 1361 1236 1422 docto
1269 1368 1460 1439 atque
1499 1359 1742 1419 erudito
1786 1358 2344 1436 quaestiunculam,
2379 1358 2460 1416 de
2508 1378 2636 1434 qua

736 1473 875 1515 meo
905 1457 1213 1518 arbitratu
1244 1458 1486 1536 loquar,
1512 1456 1747 1534 ponitis
1770 1458 1801 1515 ?
1887 1455 2144 1527 Quando
2174 1454 2339 1513 enim
2373 1474 2479 1513 me
2505 1455 2636 1514 ista

736 1570 985 1613 curasse
1015 1561 1125 1614 aut
1162 1556 1469 1631 cogitasse
1506 1554 1897 1614 arbitramini
1931 1559 1995 1612 et
2037 1571 2160 1610 non
2203 1570 2456 1629 semper
2496 1552 2637 1610 irri-

736 1649 893 1707 sisse
938 1652 1146 1726 potius
1190 1670 1405 1711 eorum
1450 1651 1773 1710 hominum
1817 1648 2291 1727 impudentiam,
2325 1648 2437 1725 qui
2484 1668 2635 1708 cum

736 1744 803 1802 in
832 1746 1047 1807 schola
1073 1748 1486 1823 adsedissent,
1519 1767 1596 1807 ex
1633 1767 1860 1825 magna
1893 1747 2215 1806 hominum
2258 1746 2634 1823 frequentia

737 1841 939 1901 dicere
965 1843 1253 1904 iuberent
1275 1845 1330 1904 si
1353 1845 1496 1922 quis
1521 1845 1673 1922 quid
1696 1851 2026 1922 quaereret
2041 1847 2073 1902 ἱ)
2142 1843 2322 1912 Quod
2345 1842 2632 1919 primum

736 1936 952 1999 ferunt
994 1941 1374 2001 Leontinum
1420 1942 1647 2001 fecisse
1693 1942 2008 2017 Gorgiam,
2052 1940 2163 2018 qui
2205 1958 2630 2017 permagnum

735 2034 1034 2111 quiddam
1065 2038 1379 2116 suscipere
1415 2057 1486 2098 ac
1529 2037 1807 2116 profiteri
1850 2037 2196 2113 videbatur,
2243 2057 2388 2098 cum
2435 2057 2508 2098 se
2553 2038 2632 2097 ad

734 2133 962 2207 omnia,
994 2135 1069 2193 de
1100 2135 1327 2212 quibus
1359 2135 1627 2213 quisque
1656 2136 1873 2195 audire
1909 2135 2121 2209 vellet,
2153 2153 2290 2194 esse
2328 2141 2630 2212 paratum

733 2230 1152 2290 denuntiaret.
1241 2232 1473 2290 Postea
1496 2251 1642 2290 vero
1675 2232 1861 2306 vulgo
1891 2231 2007 2289 hoc
2037 2231 2243 2290 facere
2274 2239 2630 2309 coeperunt

732 2325 1042 2404 hodieque
1072 2326 1337 2401 faciunt,
1369 2333 1442 2386 ut
1471 2327 1647 2387 nulla
1681 2328 1765 2387 sit
1807 2347 1904 2386 res
1949 2346 2149 2404 neque
2188 2332 2374 2388 tanta
2419 2347 2632 2405 neque

730 2428 860 2481 tam
890 2423 1235 2500 improvisa
1266 2443 1470 2500 neque
1499 2429 1631 2483 tam
1659 2443 1836 2497 nova,
1868 2424 1944 2482 de
1976 2443 2099 2500 qua
2127 2442 2195 2482 se
2226 2443 2354 2482 non
2391 2425 2626 2497 omnia,

594 2532 679 2577 104
711 2538 870 2595 quae
901 2519 1027 2579 dici
1063 2519 1327 2597 possint,
1362 2519 1778 2596 profiteantur
1814 2539 1949 2578 esse
1993 2519 2290 2578 dicturos
2381 2521 2630 2591 Quodsi

586 3495 671 3539 105

727 2621 809 2689 te,
835 2616 1039 2689 Cotta,
1065 2617 1407 2676 arbitrarer
1431 2621 1541 2675 aut
1563 2622 1642 2690 te,
1671 2615 1925 2692 Sulpici,
1953 2616 2029 2674 de
2059 2616 2150 2675 eis
2183 2617 2371 2675 rebus
2404 2618 2632 2677 audire

728 2711 909 2783 velle,
968 2713 1367 2772 adduxissem
1435 2712 1556 2771 huc
1615 2712 1922 2771 Graecum
1977 2712 2274 2789 aliquem,
2337 2714 2453 2790 qui
2515 2734 2633 2773 nos

727 2807 1087 2866 istiusmodi
1119 2807 1654 2885 disputationibus
1685 2807 2061 2882 delectaret3
2114 2809 2286 2885 quod
2329 2829 2410 2868 ne
2459 2830 2632 2869 nunc

727 2903 980 2978 quidem
1026 2903 1278 2963 difficile
1320 2905 1499 2963 factu
1542 2910 1654 2963 est.
1742 2905 1862 2963 Est
1904 2904 2069 2962 enim
2109 2907 2281 2981 apud
2323 2907 2415 2964 M.
2451 2908 2636 2967 Piso-

727 3017 888 3072 nem,
961 2998 1426 3057 adulescentem
1496 2999 1642 3058 huic
1711 2999 1923 3058 studio
1992 2999 2298 3075 deditum,
2375 3021 2634 3062 summo

725 3095 1045 3153 hominem
1090 3094 1343 3169 ingenio
1386 3096 1710 3172 nostrique
1754 3095 2252 3171 cupidissimum,
2298 3098 2636 3176 Peripate-

723 3192 889 3249 ticus
923 3191 1193 3263 Staseas,
1226 3189 1412 3248 homo
1441 3191 1620 3249 nobis
1653 3209 1801 3250 sane
1838 3191 2170 3251 familiaris
2215 3198 2300 3268 et,
2333 3200 2412 3253 ut
2459 3195 2634 3254 inter

724 3287 1012 3345 homines
1066 3285 1301 3362 peritos
1351 3291 1640 3344 constare
1694 3286 1888 3361 vide0,
1940 3287 2008 3344 in
2057 3286 2170 3345 illo
2224 3308 2339 3349 suo
2394 3309 2631 3365 genere

724 3383 1003 3442 omnium
1036 3382 1348 3459 princeps,

804 3479 903 3540 23.
951 3479 1149 3548 Quem
1192 3483 1265 3536 tu
1307 3477 1487 3551 mihi,
1531 3477 1740 3554 inquit
1782 3477 2046 3552 Mucius,
2081 3479 2394 3559 Staseam,
2433 3505 2630 3564 quem

719 3575 1219 3656 Peripateticum
1255 3592 1475 3637 narras
1499 3574 1531 3630 ¹?
1617 3572 1944 3632 Gerendus
1985 3580 2085 3635 est
2126 3575 2246 3636 tibi
2293 3599 2435 3641 mos
2481 3584 2632 3643 adu-
