2816 4097
254 420 371 467 Lm.
395 420 434 466 1.
457 419 587 467 cu.
606 416 704 478 aa]
1035 416 1125 463 DE
1166 415 1494 465 ossA‘ronn.

253 588 380 647 tori
420 585 848 664 cognoscenda
894 603 1033 645 esse
1082 585 1319 661 dixisti,
1365 585 1441 645 de
1493 583 1736 645 naturis
1785 580 2130 657 hominum,

254 684 331 743 de
353 683 649 756 moribus,
674 683 750 742 de
773 681 1122 742 rationibus
1146 682 1259 757 eis,
1284 682 1511 760 quibus
1535 680 1858 741 hominum
1886 684 2132 739 mentes

254 786 317 841 et
346 780 761 841 incitarentur
788 784 853 839 et
881 778 1392 857 reprimerentur,
1426 779 1502 837 de
1544 776 1827 852 historia,
1858 777 1936 837 de
1975 776 2134 837 anti-

255 877 516 955 quitate,
556 877 631 936 de
676 875 1219 936 administratione
1264 875 1353 935 rei
1396 875 1702 953 publicae,
1738 874 2008 952 denique
2051 874 2130 935 de

255 980 473 1035 nostro
496 973 635 1050 ipso
657 973 792 1033 iure
821 972 1049 1033 civili?
1133 973 1316 1033 Hane
1340 972 1508 1032 enim
1531 991 1644 1047 ego
1665 990 1912 1031 omnem
1941 971 2132 1031 seien-

255 1071 411 1130 tiam
435 1075 499 1129 et
520 1069 761 1147 copiam
785 1088 989 1129 rerum
1015 1070 1084 1127 in
1103 1075 1214 1128 tua
1231 1069 1566 1146 prudentia
1589 1068 1860 1129 sciebam
1886 1068 2129 1142 inesse;

258 1167 327 1225 in
368 1165 633 1225 oratoris
677 1184 827 1225 vero
870 1166 1290 1225 instrumento
1328 1172 1460 1226 tam
1500 1166 1742 1226 lautam
1783 1163 2132 1242 supelleeti-

257 1263 382 1323 lem
410 1280 753 1340 numquam
781 1262 1079 1322 videram.

261 1434 491 1487 Crassus
528 1434 809 1486 illustrates
833 1435 913 1487 the
950 1434 1268 1502 importance
1294 1433 1364 1503 of
1387 1434 1468 1487 the
1494 1434 1793 1503 knowledye
1819 1433 1888 1501 of
1905 1432 1985 1486 the
2010 1430 2132 1484 civil

742 1522 842 1573 law
867 1529 915 1574 to
941 1522 1021 1573 the
1046 1530 1233 1574 orator.
1320 1522 1383 1588 ξς
1413 1518 1670 1573 166-184.

335 1652 527 1711 Potes
611 1646 821 1725 igitur,
894 1650 1101 1728 inquit
1169 1651 1450 1725 Crassus,
1508 1656 1581 1710 ut
1649 1650 1774 1711 alia
1841 1650 2128 1709 omittam

257 1746 741 1808 innumerabilia
796 1754 859 1807 et
913 1748 1219 1808 immensa
1270 1754 1335 1808 et
1391 1748 1473 1809 ad
1528 1747 1735 1825 ipsum
1787 1748 1974 1808 civile
2029 1747 2128 1807 ius

257 1849 436 1903 tuum
465 1844 730 1919 veniam,
762 1850 1037 1905 oratores
1067 1851 1290 1923 putare
1319 1863 1444 1920 eos,
1475 1864 1634 1923 quos
1661 1845 1898 1905 multas
1939 1845 2125 1905 horas

254 1941 659 2019 exspectavit,
692 1960 831 2001 cum
875 1942 938 2001 in
985 1960 1272 2020 eampum
1316 1947 1698 2020 properaret,
1729 1948 1796 2002 et
1823 1942 2033 2001 ridens
2063 1947 2128 2000 et

254 2038 651 2100 stomachans
702 2038 1019 2114 Scaevola,
1062 2059 1204 2100 eum
1254 2040 1594 2118 Hypsaeus
1641 2038 1914 2100 maxima
1956 2057 2126 2112 voce,

252 2135 543 2213 plurimis
572 2136 781 2196 verbis
810 2156 848 2196 a
882 2138 967 2194 M.
1002 2137 1227 2197 Crasso
1273 2143 1557 2214 praetore
1601 2137 2025 2209 contenderet,
2056 2141 2131 2194 ut

256 2232 333 2305 ei,
364 2251 551 2310 quem
585 2232 979 2306 defendebat,
1010 2251 1198 2293 eausa
1239 2233 1459 2293 eadere
1502 2232 1742 2307 liceret,
1775 2232 1884 2293 Cn.
1917 2238 2127 2291 autem
2153 2297 2160 2302 ,

259 2327 577 2402 OctaviuS,
607 2327 792 2386 homo
834 2328 1199 2402 consulariS,
1230 2348 1356 2389 non
1384 2329 1592 2388 minus
1637 2329 1822 2403 longa
1849 2328 2128 2387 oratione

257 2428 590 2498 recusaret,
621 2442 700 2482 ne
728 2423 1123 2484 adversarius
1166 2442 1353 2484 eausa
1394 2425 1648 2484 caderet
1682 2443 1754 2484 ao
1791 2443 1872 2483 ne
1913 2424 1984 2496 is,
2016 2442 2128 2500 pro

256 2539 382 2598 quo
432 2520 567 2598 ipse
620 2519 871 2594 diceret,
924 2521 1094 2596 turpi
1145 2520 1383 2580 tutelae
1442 2520 1675 2580 iudicio
1725 2525 1912 2598 atque
1960 2520 2131 2579 omni

256 2617 549 2677 molestia
596 2615 875 2677 stultitia
914 2617 1235 2677 adversari
1277 2617 1655 2677 liberaretur
1673 2619 1704 2677 ?
1803 2619 1937 2692 Ego
1978 2636 2126 2676 vero

255 2714 432 2789 istos,
462 2713 1045 2792 inquit—memini
1076 2714 1243 2775 enim
1266 2713 1424 2774 mihi
1452 2733 1704 2774 narrare
1735 2714 2130 2790 Mucium,—

256 2831 382 2870 non
410 2812 593 2871 modo
624 2812 888 2872 oratoris
919 2811 1187 2886 nomine,
1210 2812 1320 2873 sed
1347 2831 1427 2871 ne
1457 2811 1596 2871 foro
1625 2811 1873 2890 quidem
1907 2812 2126 2889 dignos

257 2908 547 2985 putarim.
655 2909 859 2986 Atqui
919 2928 1047 2968 non
1100 2909 1308 2968 defuit
1371 2908 1503 2969 illis
1563 2909 1861 2986 patronis,
1919 2910 2126 2987 inquit

256 3005 540 3080 CrassuS,
571 3005 934 3083 eloquentia
962 3023 1165 3082 neque
1194 3004 1446 3065 dicendi
1475 3007 1636 3065 ratio
1665 3011 1774 3065 aut
1801 3006 1996 3083 copia,
2019 3007 2126 3067 sed

256 3101 415 3162 iuris
473 3100 683 3161 civilis
731 3101 1013 3175 scientia,
1064 3102 1232 3178 quod
1294 3101 1457 3162 alter
1511 3103 1654 3180 plus
1702 3103 1837 3179 lege
1887 3104 2127 3180 agendo

259 3198 529 3276 petebat,
552 3197 738 3274 quam
761 3203 1067 3275 quantum
1096 3197 1203 3258 lex
1232 3199 1299 3258 in
1328 3218 1432 3258 XII
1461 3199 1696 3260 tabulis
1727 3200 2125 3278 permiserat3

255 3293 426 3372 quod
458 3313 599 3353 eum
644 3294 1061 3371 impetrasset,
1094 3314 1280 3356 eausa
1306 3297 1590 3372 eaderet3
1637 3297 1800 3357 alter
1840 3297 2127 3374 iniquum

258 3390 524 3468 putabat
567 3391 709 3468 plus
740 3410 947 3451 secum
977 3392 1095 3468 agi,
1127 3413 1314 3470 quam
1356 3394 1526 3472 quod
1568 3398 1704 3454 erat
1746 3393 1815 3451 in
1847 3392 2127 3468 aetione3

255 3506 463 3564 neque
505 3487 925 3564 intellegebat,
969 3489 1025 3550 si
1066 3489 1156 3550 ita
1196 3495 1365 3552 esset
1421 3495 1649 3566 aetum,
1692 3489 1874 3549 litem
1917 3488 2132 3547 adver-

252 3585 493 3650 sarium
522 3584 926 3662 perditurum.

2183 394 2268 461 47

2179 1661 2264 1707 166

2178 2631 2261 2677 167
