2816 4097
233 406 342 451 Lm.
363 405 400 450 1.
425 404 554 451 cu.
580 377 652 460 14,
676 402 772 463 m]
1007 404 1098 450 DE
1140 402 1468 451 ORATORE.
2159 384 2245 449 19

231 574 518 652 equidem
561 592 686 631 non
726 571 1042 647 dubitabO,
1081 572 1249 649 quod
1292 572 1513 646 senti0,
1558 570 1778 631 dicere.
1864 568 2143 647 Physica

229 672 351 731 ista
379 671 520 749 ipsa
547 676 611 729 et
640 669 1084 729 mathematica
1113 676 1176 728 et
1207 688 1363 747 quae
1399 668 1587 747 paulo
1618 674 1761 728 ante
1790 673 2139 727 ceterarum

228 768 456 827 artium
487 767 742 847 propria
769 762 1057 845 posuisti,
1091 766 1389 826 scientiae
1430 773 1580 827 sunt
1613 785 1844 839 eorum,
1876 764 1985 843 qui
2030 764 2141 823 illa

227 866 634 943 profitentur3
691 864 1030 923 inlustrare
1087 868 1296 923 autem
1352 863 1633 924 oratione
1681 863 1737 923 si
1786 862 1927 941 quis
1982 862 2137 923 istas

227 962 396 1039 ipsas
426 962 583 1021 artis
611 961 784 1036 velit,
810 962 892 1020 ad
920 961 1186 1021 oratoris
1217 961 1274 1021 ei
1305 961 1792 1037 confugiendum
1820 966 1919 1021 est
1948 959 2137 1019 facul-

229 1064 438 1119 tatem.
523 1059 744 1136 Neque
785 1058 970 1132 enim,
1009 1058 1064 1116 si
1105 1057 1440 1118 Philonem
1480 1058 1665 1117 illum
1706 1057 2134 1130 architectum,
2179 1068 2239 1113 62

231 1156 338 1233 qui
361 1154 855 1214 Atheniensibus
885 1156 1437 1215 armamentarium
1466 1155 1637 1229 fecit,
1662 1160 1908 1213 constat
1938 1154 2138 1230 perdi-

227 1259 390 1313 serte
449 1252 678 1330 populo
735 1250 1040 1311 rationem
1096 1252 1301 1330 operis
1360 1252 1459 1311 sui
1516 1250 1877 1324 reddidisse,
1929 1250 2139 1309 existi-

225 1350 520 1410 mandum
549 1355 648 1410 est
673 1348 1007 1409 architecti
1045 1348 1254 1427 potius
1293 1348 1561 1408 artificio
1603 1348 1907 1407 disertum
1950 1366 2137 1424 quam

223 1447 491 1507 oratoris
520 1446 734 1507 fuisse.
821 1446 976 1520 Nec,
1009 1446 1063 1505 si
1091 1445 1240 1505 huic
1268 1447 1354 1505 M.
1397 1444 1679 1505 Antonio
1724 1464 1833 1522 pro
1878 1446 2139 1503 Hermo-

223 1545 374 1604 doro
403 1544 635 1603 fuisset
658 1543 735 1603 de
763 1542 1083 1603 navalium
1114 1561 1298 1621 opere
1328 1542 1677 1617 dicendum,
1710 1562 1851 1616 non,
1883 1561 2023 1601 cum
2059 1542 2137 1601 ab

224 1640 336 1699 illo
379 1659 630 1700 causam
671 1639 1014 1715 didicisset,
1061 1641 1196 1718 ipse
1239 1640 1461 1700 ornate
1504 1642 1580 1699 de
1624 1640 1828 1699 alieno
1871 1638 2137 1698 artificio

225 1737 595 1815 copioseque
637 1737 918 1798 dixisset.
1003 1738 1226 1815 Neque
1269 1756 1419 1798 vero
1465 1737 1881 1815 AsclepiadeS,
1912 1737 1967 1797 is
2012 1756 2135 1814 quo

223 1854 338 1895 nos
366 1834 605 1895 medico
627 1834 948 1912 amicoque
977 1835 1076 1894 usi
1107 1854 1322 1896 sumus
1355 1836 1524 1915 [tum
1554 1834 1915 1913 eloquentia
1934 1834 2135 1893 vince-

222 1932 330 1991 bat
371 1938 608 1992 ceteros
651 1932 976 2012 medicos],
1010 1932 1077 1992 in
1117 1952 1191 1992 eo
1225 1933 1382 2011 ipsc,
1415 1933 1583 2010 quod
1621 1938 1839 1991 ornate
1869 1932 2129 2003 dicebat,

219 2029 562 2090 medicinae
593 2029 1234 2106 facultate'utebatur,
1268 2050 1395 2091 non
1424 2030 1835 2109 eloquentiae.
1922 2030 2135 2106 Atque
2177 2040 2237 2086 63

217 2127 379 2186 illud
402 2133 501 2188 est
522 2127 926 2205 probabilius,
941 2147 1144 2205 neque
1165 2133 1380 2188 tamen
1400 2147 1635 2202 verum,
1656 2129 1826 2206 quod
1849 2127 2136 2186 Socrates

222 2223 428 2282 dicere
459 2223 714 2297 solebat,
741 2224 944 2283 omnis
974 2224 1042 2282 in
1071 2243 1160 2299 ec,
1193 2226 1361 2302 quod
1388 2225 1641 2298 scirent,
1668 2225 1823 2284 satis
1852 2241 1988 2282 esse
2017 2222 2136 2281 elo-

223 2319 511 2394 quentis3
555 2319 715 2377 illud
743 2320 971 2392 verius,
997 2339 1199 2396 neque
1229 2339 1609 2397 quemquam
1639 2320 1706 2377 in
1728 2339 1801 2378 eo
1831 2320 2137 2379 disertum

221 2433 361 2475 esse
407 2433 607 2492 posse,
645 2415 812 2492 quod
851 2415 1108 2489 nesciat,
1146 2434 1363 2492 neque,
1397 2417 1454 2474 si
1494 2416 1730 2493 optime
1774 2415 1931 2474 sciat
1972 2415 2139 2491 igna-

221 2531 455 2590 rusque
487 2511 573 2572 sit
601 2511 931 2592 faciundae
967 2530 1039 2572 ac
1075 2511 1401 2589 poliendae
1444 2513 1765 2586 orationis,
1798 2511 2030 2571 diserte
2073 2513 2137 2570 id

218 2610 448 2688 ipsum,
481 2609 558 2668 de
588 2628 710 2686 quo
742 2608 915 2684 sciat,
945 2627 1127 2686 posse
1158 2609 1379 2669 dicere.

303 2706 396 2768 15.
443 2706 874 2782 Quamobrem,
907 2706 962 2766 si
993 2706 1136 2783 quis
1163 2707 1527 2766 universam
1556 2712 1621 2767 et
1650 2706 1968 2784 propriam
2009 2725 2137 2766 ora·
2178 2720 2237 2765 64

217 2803 378 2863 toris
409 2803 540 2862 vim
570 2804 829 2863 definire
857 2803 1313 2881 complectique
1344 2804 1495 2879 volt,
1527 2803 1582 2863 is
1612 2811 1821 2864 orator
1849 2804 1971 2864 erit
1997 2823 2137 2865 mea

219 2901 539 2961 sententia
566 2901 681 2960 hoc
712 2907 842 2960 tam
881 2901 1059 2976 gravi
1097 2900 1322 2976 dignus
1353 2901 1621 2975 nomine,
1653 2902 1779 2979 qui,
1811 2921 2134 2979 quaecum-

218 3016 343 3075 que
363 3017 463 3058 res
480 2997 788 3072 inciderit,
807 3015 967 3075 quae
989 2997 1074 3056 sit
1093 2996 1366 3056 dictione
1387 2998 1771 3075 explicanda,
1794 3001 2135 3076 prudenter

218 3100 286 3154 et
307 3095 649 3172 composite
674 3100 740 3153 et
767 3099 986 3153 ornate
1017 3100 1081 3154 et
1108 3095 1469 3154 memoriter
1492 3095 1675 3171 dicet,
1701 3115 1843 3156 cum
1866 3098 2135 3174 quadam

217 3191 488 3252 actionis
518 3191 709 3250 etiam
737 3189 1065 3268 dignitate.
1152 3191 1263 3250 Sin
1292 3192 1563 3270 cuipiam
1590 3192 1779 3253 nimis
1814 3193 2134 3253 infinitum
2177 3206 2235 3250 65

217 3289 492 3363 videtur,
537 3289 705 3366 quod
746 3288 840 3347 ita
879 3289 1084 3365 posui,
1126 3307 1517 3367 quacumque
1559 3291 1635 3349 de
1678 3309 1761 3364 re,
1798 3290 1948 3350 licet
1988 3290 2135 3348 hinc

217 3392 530 3462 quantum
559 3384 782 3462 cuique
813 3383 1129 3444 videbitur
1159 3385 1564 3446 circumcidat
1594 3392 1783 3464 atque
1814 3390 2131 3463 amputet3

217 3484 436 3550 tamen
476 3480 637 3540 illud
677 3481 918 3556 teneb0,
965 3482 1035 3558 si,
1081 3502 1238 3560 quae
1282 3483 1511 3543 ceteris
1554 3484 1624 3541 in
1664 3482 1901 3541 artibus
1945 3485 2135 3554 atque

217 3577 452 3638 studiis
497 3577 622 3638 sita
663 3582 826 3650 sunt,
859 3583 1065 3638 orator
1098 3579 1344 3656 ignoret
1385 3585 1757 3652 tantumque
1797 3595 1871 3634 ea
1902 3580 2132 3644 teneat,
