2816 4097
181 417 290 462 ιω.
313 415 350 461 1.
372 414 504 463 cu.
529 412 618 473 ia]
942 414 1034 461 DE
1074 413 1402 462 onAroRE.
2099 394 2181 460 25

182 602 312 642 rum
365 586 430 642 et
485 580 894 658 regendarum
950 599 1158 639 rerum
1215 578 1626 658 publicarum,
1686 578 2081 641 excitabatur

182 681 355 740 homo
384 682 710 757 promptus
741 684 931 755 atque
960 677 1130 736 omni
1160 676 1485 737 abundans
1524 676 1810 737 doctrina
1846 682 1910 737 et
1936 697 2083 755 qua-

182 779 319 838 dam
349 774 704 838 incredibili
741 770 1050 835 varietate
1091 792 1300 834 rerum
1344 780 1533 852 atque
1576 773 1771 852 copia.
1860 774 2079 835 Omnis

182 874 342 935 enim
384 873 584 951 partis
624 872 802 931 illius
842 870 1046 949 ipsius
1089 871 1462 948 prudentiae
1507 871 1814 949 petendas
1864 890 2000 933 esse
2044 892 2082 931 a

182 970 579 1049 philosophia
608 969 886 1043 docebat,
917 986 1118 1045 neque
1149 986 1237 1041 ea,
1264 986 1424 1045 quae
1456 972 1888 1028 statuerentur
1915 969 1985 1028 in
2013 989 2078 1030 re

185 1068 440 1146 publica·
461 1067 536 1126 de
571 1065 669 1125 dis
712 1064 1191 1138 immortalibus,
1223 1065 1299 1123 de
1335 1064 1673 1142 disciplina
1714 1065 2080 1139 iuventutis,

187 1165 259 1223 de
282 1162 540 1238 iustitia,
566 1162 643 1221 de
666 1161 992 1239 patientia,
1011 1161 1088 1220 de
1108 1161 1546 1238 temperantia,
1571 1161 1647 1220 de
1671 1161 1854 1220 modo
1876 1181 2083 1222 rerum

185 1260 474 1336 omnium,
509 1259 868 1337 ceteraque,
903 1258 1037 1318 sine
1083 1258 1312 1336 quibus
1347 1258 1641 1318 civitates
1670 1264 1781 1318 aut
1811 1278 1946 1319 esse
1976 1266 2085 1319 aut

183 1360 333 1418 bene
362 1362 638 1418 moratae
677 1374 814 1416 esse
854 1374 980 1415 non
1023 1361 1296 1432 possent,
1327 1374 1594 1433 usquam
1636 1356 1700 1413 in
1746 1373 1959 1415 eorum
2002 1342 2088 1415 inss

181 1456 378 1515 veniri
401 1455 655 1515 libellis,
741 1453 919 1523 Quod
943 1451 998 1511 si
1019 1457 1271 1512 tantam·
1287 1452 1417 1513 vim
1441 1471 1647 1512 rerum
1671 1452 2085 1513 maximarum
2131 1468 2189 1513 86

181 1558 312 1613 arte
343 1571 456 1613 sua
476 1550 775 1612 rhetorici
797 1550 894 1609 illi
918 1550 1200 1610 doctores
1231 1549 1815 1626 complecterentur,
1840 1569 2089 1627 quaere-

179 1652 288 1709 bat
331 1668 437 1709 cur
481 1650 556 1708 de
586 1647 922 1726 prooemiis
953 1652 1019 1707 et
1046 1647 1122 1706 de
1155 1645 1421 1725 epilogis
1458 1652 1523 1707 et
1565 1648 1643 1707 de
1683 1647 1871 1707 huius
1916 1650 2085 1709 modi

182 1746 563 1822 nugis—sic
621 1744 788 1805 enim
843 1744 1205 1823 appellabat
1225 1779 1305 1788 —
1327 1744 1549 1804 referti
1600 1752 1816 1805 essent
1871 1765 2083 1806 eorum

181 1844 342 1919 libri,
357 1845 451 1903 «de
480 1842 842 1903 civitatibus
873 1842 1303 1915 instituendis,
1337 1842 1413 1901 de
1444 1842 1789 1902 scribendis
1820 1842 2082 1921 legibus»,

179 1942 254 2000 de
283 1941 615 2019 aequitate,
646 1941 723 1999 de
755 1939 1020 2013 iustitia,
1051 1939 1128 1999 de
1159 1938 1298 2014 fide,
1331 1940 1408 1999 de
1446 1940 1815 2017 frangendis
1852 1941 2085 2019 cupidi-

175 2039 430 2113 tatibuS,
453 2038 528 2099 de
548 2037 1011 2098 conformandis
1035 2037 1360 2097 hominum
1379 2038 1657 2099 moribus
1675 2037 1894 2098 littera
1910 2038 2087 2099 nulla

174 2137 240 2195 in
275 2156 489 2197 eorum
526 2137 709 2197 libris
752 2137 1159 2214 inveniretur.
1247 2136 1399 2213 Ipsa
1437 2154 1584 2194 vero
1630 2141 1961 2212 praecepta
1995 2137 2087 2195 sio
2130 2149 2187 2194 87

175 2233 460 2292 inludere
491 2234 749 2306 solebat,
779 2239 852 2292 ut
880 2233 1245 2292 ostenderet
1279 2250 1407 2290 non
1446 2232 1632 2290 modo
1661 2250 1764 2290 eos
1795 2238 2085 2310 expertos

173 2346 317 2388 esse
354 2328 528 2388 illius
578 2328 966 2404 prudentiae,
1012 2346 1199 2404 quain
1250 2327 1374 2385 sibi
1416 2327 1812 2402 asciscerent,
1850 2328 1961 2387 sed
2009 2347 2087 2387 ne

173 2428 340 2486 hanc
385 2425 638 2504 quidem
681 2425 880 2502 ipsam
926 2423 1176 2482 dicendi
1211 2423 1521 2482 rationem
1556 2441 1629 2481 ao
1671 2424 1839 2482 viam
1881 2443 2083 2484 nosse.

173 2526 385 2602 Caput
427 2522 593 2583 enim
633 2521 1055 2581 arbitrabatur
1097 2538 1236 2579 esse
1273 2519 1557 2594 oratoriS,
1589 2525 1662 2578 ut
1702 2525 1768 2578 et
1809 2520 1933 2598 ipsi
1975 2523 2085 2596 618,

170 2623 345 2700 apud
388 2639 544 2699 quos
588 2623 818 2696 ageret,
855 2617 1025 2690 talis,
1057 2617 1303 2694 qualem
1350 2635 1417 2676 se
1460 2635 1596 2677 esse
1627 2622 1891 2694 optaret,
1922 2619 2089 2679 vide-

172 2726 383 2795 retur,
442 2719 507 2778 id
549 2717 687 2778 fieri
725 2717 894 2776 vitae
930 2715 1256 2790 dignitate,
1299 2714 1374 2773 de
1420 2733 1543 2792 qua
1583 2713 1746 2773 nihil
1789 2715 2085 2778 rhetorici

169 2818 289 2878 isti
324 2819 608 2877 doctores
638 2816 708 2874 in
736 2813 1088 2892 praeceptis
1123 2811 1253 2872 suis
1299 2811 1739 2889 reliquissent:
1785 2818 1849 2873 et
1882 2815 1980 2875 uti
2007 2815 2083 2890 ei,

169 2917 288 2995 qui
311 2916 622 2989 audirent,
647 2915 736 2974 sic
759 2912 1174 2973 adficerentur
1197 2909 1441 2984 animiS,
1466 2915 1539 2969 ut
1560 2928 1664 2969 eos
1688 2910 1870 2971 adfici
1895 2912 2085 2972 vellet

168 3020 389 3074 orator
408 3036 422 3088 ;
459 3012 626 3090 quod
648 3011 800 3070 item
823 3009 961 3069 fieri
982 3008 1158 3067 nullo
1177 3007 1360 3067 modo
1382 3025 1585 3085 posse,
1606 3006 1731 3068 nisi
1754 3016 2084 3086 cognosset

167 3113 246 3185 is,
282 3111 394 3189 qui
423 3110 679 3183 diceret,
711 3112 866 3186 quot
895 3105 1094 3173 modis
1124 3104 1449 3164 hominum
1476 3111 1719 3183 mentes
1754 3112 1818 3166 et
1859 3108 2085 3184 quibus

167 3217 239 3269 et
270 3227 398 3287 quo
439 3225 662 3284 genere
697 3203 996 3263 orationis
1034 3203 1101 3261 in
1146 3221 1453 3280 quamque
1490 3207 1732 3280 partem
1770 3223 2087 3264 moveren-

166 3315 312 3381 tur3
375 3306 529 3366 haec
571 3308 782 3362 autem
831 3320 965 3362 esse
1017 3301 1265 3377 penitus
1313 3301 1380 3359 in
1430 3299 1637 3360 media
1688 3301 2087 3379 philosophia

167 3410 429 3465 retrusa
455 3408 643 3479 atque
673 3399 900 3473 abdita,
934 3417 1091 3476 quae
1122 3397 1233 3459 isti
1269 3398 1552 3458 rhetores
1594 3416 1687 3480 ne·
1709 3398 2085 3474 primoribus

168 3502 438 3580 quidem
481 3498 675 3560 labris
720 3496 1094 3573 attigissent.
1181 3496 1274 3555 Ea
1323 3496 1733 3555 Menedemus
1780 3495 2086 3572 exemplis
2132 3509 2191 3553 88

168 3581 384 3674 magis
427 3615 616 3684 quam
657 3593 1038 3670 argumentis
1083 3593 1421 3660 conabatur
1463 3591 1771 3659 refellere.
1858 3592 2089 3657 Memo-
