2816 4097
310 398 438 449 Lm.
463 400 502 449 1.
527 401 656 451 cn.
675 396 773 463 ει]
1094 402 1186 450 nn
1225 398 1553 453 oRA'rolm.
2247 382 2330 451 65

310 570 562 645 dixisti,
608 572 918 630 neminem
962 589 1144 649 posse
1188 590 1399 632 eorum
1443 570 1691 646 mentiS,
1728 571 1839 650 qui
1881 571 2193 647 audirent,

312 673 430 727 aut
474 666 859 727 inflammare
889 667 1151 728 dicendo
1180 674 1291 728 aut
1329 668 1750 729 inflammatas
1785 668 2192 744 restinguere,

310 784 459 825 cum
491 782 563 824 eo
594 765 863 825 maxime
896 765 994 825 vis
1036 766 1305 826 oratoris
1350 765 1841 844 magnitudoque
1884 772 2193 841 cernatur,

312 861 445 920 nisi
496 862 606 939 qui
667 880 875 921 rerum
925 862 1204 922 omnium
1254 868 1563 937 naturam,
1616 880 1819 923 mores
1849 862 2197 923 bominum

310 964 509 1036 atque
534 958 809 1019 rationes
840 960 1091 1037 penitus
1124 961 1532 1037 perspexerit,
1554 960 1622 1019 in
1645 979 1768 1038 quo
1799 959 2198 1039 philosophia

312 1056 409 1115 sit
466 1056 698 1116 oratori
764 1056 1111 1116 necessario
1175 1057 1612 1136 percipienda3
1680 1077 1803 1136 quo
1865 1058 1934 1116 in
1985 1057 2197 1117 studio

310 1153 647 1212 hominum
676 1172 922 1231 quoque
965 1153 1615 1231 ingeniosissimorum
1651 1154 2198 1215 otiosissimorum-

311 1268 442 1327 que
470 1255 637 1309 totas
667 1256 906 1310 aetates
937 1252 1222 1311 videmus
1253 1270 1388 1311 esse
1408 1252 1742 1327 contritas;
1789 1271 2056 1330 quorum
2084 1270 2195 1328 ego

310 1347 565 1425 copiam
595 1347 1217 1425 magnitudinemque
1245 1349 1620 1425 cognitionis
1662 1355 1852 1427 atque
1887 1349 2042 1408 artis
2070 1368 2198 1408 non

310 1446 504 1504 modo
534 1463 659 1503 non
689 1451 1035 1519 oontemn0,
1067 1445 1179 1505 sed
1220 1446 1412 1506 etiam
1441 1446 1845 1506 vehementer
1889 1446 2196 1522 admiror;

310 1541 501 1602 nobis
550 1547 780 1617 tamen,
831 1543 941 1620 qui
987 1542 1054 1600 in
1102 1541 1217 1602 hoc
1266 1543 1499 1620 populo
1548 1544 1810 1621 foroque
1856 1563 2196 1619 versamur,

310 1639 475 1700 satis
507 1645 606 1699 est
640 1658 711 1699 ea
738 1640 817 1698 de
848 1640 1121 1699 motibus
1165 1640 1516 1699 animorum
1559 1646 1623 1700 et
1665 1642 1824 1702 scire
1867 1649 1930 1702 et
1973 1642 2195 1715 dicere,

309 1756 479 1815 quae
528 1757 655 1797 non
715 1736 1053 1796 abhorrent
1116 1736 1195 1797 ab
1257 1737 1583 1797 hominum
1643 1739 1935 1799 moribus.
2042 1738 2196 1809 Quis
2246 1750 2335 1796 220

309 1835 487 1895 enim
514 1852 814 1912 umquam
856 1840 1067 1893 orator
1109 1853 1369 1911 magnus
1415 1841 1480 1894 et
1523 1836 1748 1912 gravis,
1781 1856 1923 1897 cum
1965 1837 2196 1896 iratum

307 1932 677 1993 adversario
723 1931 992 1991 iudicem
1035 1932 1239 1991 facere
1284 1932 1496 2007 vellet,
1541 1933 1880 1993 haesitavit
1930 1934 2010 1993 ob
2059 1952 2197 1993 eam

309 2050 586 2106 causam,
619 2030 785 2108 quod
814 2030 1105 2104 nesciret,
1137 2029 1290 2108 quid
1332 2036 1499 2090 esset
1530 2031 1869 2106 iracundia,
1901 2031 2198 2091 fervorne

308 2129 551 2188 mentis
608 2147 687 2187 an
745 2127 1057 2205 cupiditas
1114 2127 1418 2205 puniendi
1465 2129 1698 2187 doloris
1722 2130 1753 2187 ?
1837 2128 2008 2202 Quis,
2053 2148 2197 2188 cum

308 2230 559 2286 ceteros
610 2225 959 2284 animorum
1011 2231 1219 2285 motus
1269 2231 1381 2284 aut
1444 2224 1754 2284 iudicibus
1807 2230 1916 2284 aut
1964 2225 2196 2302 populo

308 2322 583 2382 dicendo
612 2322 871 2382 miscere
914 2328 1105 2400 atque
1147 2322 1382 2398 agitare
1416 2321 1625 2395 vellet,
1657 2340 1733 2381 ea
1759 2321 1938 2395 dixit,
1972 2339 2130 2398 quae
2161 2341 2198 2382 a

308 2419 711 2498 philosophis
754 2418 877 2479 dici
922 2419 1127 2478 solent
1152 2421 1183 2478 ⁴?
1249 2419 1357 2496 qui
1416 2418 1649 2494 partim
1692 2419 1944 2477 omnino
1986 2423 2195 2478 motus

308 2522 551 2592 negant
606 2517 673 2574 in
722 2516 947 2575 animis
999 2514 1162 2575 ullos
1213 2532 1348 2574 esse
1397 2514 1639 2589 debere,
1690 2515 1922 2592 quique
1974 2533 2078 2575 eos
2129 2516 2194 2573 in

306 2613 595 2673 iudicum
666 2613 978 2673 mentibus
1050 2612 1381 2685 concitent,
1451 2612 1655 2672 scelus
1722 2631 1824 2671 eos
1888 2612 2203 2672 nefarium

308 2712 559 2785 facere3
620 2710 865 2788 partim,
913 2710 1022 2787 qui
1065 2709 1520 2769 tolerabiliores
1567 2709 1788 2768 volunt
1830 2728 1966 2786 esse
2010 2715 2075 2769 et
2117 2711 2196 2770 ad

307 2808 654 2868 veritatem
702 2808 872 2867 vitae
936 2807 1192 2885 propius
1258 2808 1565 2880 accedere,
1617 2807 2062 2883 permediocris
2123 2827 2194 2869 ac

310 2905 531 2984 potius
559 2905 717 2964 levis
749 2910 957 2965 motus
993 2905 1215 2964 debere
1245 2923 1381 2964 esse
1413 2903 1644 2964 dicunt.
1732 2906 1957 2965 Orator
1985 2912 2194 2966 autem
2243 2919 2328 2964 221

308 3003 529 3063 omnia
576 3002 743 3076 haec,
796 3020 955 3078 quae
1004 3007 1310 3078 putantur
1360 3001 1427 3058 in
1477 3002 1789 3060 communi
1838 3002 2006 3062 vitae
2057 3023 2195 3064 con-

310 3098 652 3160 suetudine
683 3098 848 3157 mala
875 3117 945 3157 ac
974 3099 1240 3157 molesta
1274 3104 1340 3157 et
1367 3097 1694 3172 fugienda,
1727 3099 1925 3158 multo
1956 3101 2193 3160 maiora

308 3203 381 3257 et
409 3195 727 3256 acerbiora
754 3194 961 3255 verbis
1000 3195 1189 3269 facit3
1236 3195 1512 3271 itemque
1553 3213 1642 3268 ea,
1681 3214 1838 3272 quae
1873 3197 2055 3272 volgo
2096 3217 2195 3257 ex-

309 3294 591 3373 petenda
623 3298 809 3370 atque
854 3293 1158 3369 optabilia
1199 3291 1512 3367 videntur,
1545 3292 1806 3352 dicendo
1848 3294 2191 3370 amplificat

308 3397 505 3470 atque
570 3396 766 3464 ornat,
832 3409 1032 3467 neque
1094 3390 1228 3449 volt
1290 3390 1383 3449 ita
1446 3389 1694 3466 sapiens
1745 3389 1910 3449 inter
1963 3391 2191 3452 stultos

308 3489 538 3562 videri,
568 3493 643 3547 ut
672 3487 745 3561 ei,
777 3488 889 3564 qui
930 3487 1204 3562 audiant,
1236 3493 1347 3547 aut
1386 3487 1568 3546 illum
1598 3487 1883 3563 ineptum
1912 3493 1976 3546 et
2007 3488 2192 3547 Grae·

308 3587 527 3646 culum
572 3589 812 3660 putent,
857 3589 984 3658 aut,
1024 3583 1274 3643 etiamsi
1314 3583 1498 3642 valde
1543 3583 1806 3658 probent
1849 3582 2188 3657 ingenium,
