2816 4097
628 388 711 452 24

1281 401 1351 448 M.
1388 401 1588 450 'rum
1627 401 1976 452 monnoms
2085 403 2221 464 [Lm.
2244 407 2282 452 1.
2306 405 2534 463 om1s,
2557 410 2623 454 19.

726 589 797 631 ac
824 570 1052 630 leviter
1081 569 1350 630 Graecas
1388 568 1636 630 litteras
1677 571 2047 649 attigissem,
2079 578 2291 634 tamen
2331 593 2480 634 cum
2521 595 2627 654 pro

726 668 979 728 consule
1027 667 1095 726 in
1151 666 1440 728 Ciliciam
1497 667 1895 746 proficiscens
1953 670 2265 762 venissem
2323 672 2624 746 Athenas,

726 765 1062 843 compluris
1090 770 1229 824 tum
1259 763 1348 824 ibi
1376 764 1510 825 dies
1541 783 1680 825 sum
1708 773 1967 844 propter
1993 768 2335 844 navigandi
2373 769 2629 830 difficul-

670 888 673 891 ·
726 869 922 924 tatem
952 867 1399 938 commoratus;
1446 863 1572 938 sed,
1605 881 1745 923 cum
1775 865 2006 925 cotidie
2051 884 2290 925 mecum
2335 867 2627 927 haberem

620 1369 679 1414 83

608 3226 667 3269 85

725 961 1007 1021 homines
1039 958 1457 1034 doctissimos,
1488 979 1593 1020 eos
1632 961 1763 1020 fere
1807 961 1996 1040 ipsoe,
2031 964 2142 1040 qui
2183 963 2293 1023 abs
2336 969 2401 1024 te
2447 965 2628 1025 modo

725 1064 873 1119 sunt
900 1056 1225 1130 nominati,
1257 1076 1398 1116 cum
1428 1056 1546 1138 hoc
1567 1058 1778 1119 nescio
1808 1078 1932 1137 quo
1960 1060 2143 1120 modo
2183 1062 2351 1139 apud.
2393 1081 2506 1122 eos
2550 1063 2631 1121 in-

723 1156 1115 1230 crebruisset,
1163 1172 1261 1212 me
1306 1154 1375 1212 in
1421 1155 1624 1215 causis
1671 1157 2010 1217 maioribus
2060 1157 2247 1218 sicuti
2304 1164 2370 1219 te
2433 1159 2628 1220 solere

720 1253 976 1328 versari,
1009 1271 1121 1330 pro
1160 1271 1226 1312 se
1271 1251 1538 1330 quisque
1581 1272 1738 1331 quae
1781 1259 2029 1331 poterat
2069 1255 2145 1314 de
2190 1255 2393 1316 officio
2443 1263 2512 1316 et
2555 1258 2625 1315 de

719 1353 961 1413 ratione
1008 1349 1274 1410 oratoris
1322 1349 1702 1427 disputabat.
1791 1352 2038 1411 Horum
2087 1353 2217 1428 alii,
2263 1353 2459 1414 sicuti
2511 1355 2626 1414 iste

720 1453 854 1530 ipse
900 1446 1331 1521 MnesarchuS,
1379 1447 1515 1522 hos,
1559 1467 1713 1526 quos
1766 1468 1879 1509 uos
1921 1455 2197 1510 oratores
2241 1470 2625 1524 vocal-emm,

720 1549 879 1609 nihil
912 1565 1046 1606 esse
1077 1545 1323 1605 dicebat
1351 1543 1478 1603 nisi
1508 1545 1810 1623 quosdam
1840 1547 2154 1625 operarios
2185 1548 2402 1626 lingua
2441 1549 2627 1610 celeri

722 1653 785 1707 et
813 1644 1190 1717 exercitata3
1237 1648 1548 1702 oratorem
1581 1650 1807 1718 autem,
1841 1644 1963 1702 nisi
1993 1644 2104 1722 qui
2143 1645 2392 1724 sapiens
2441 1653 2624 1720 esset,

722 1763 857 1804 esse
886 1740 1216 1813 neminem,
1250 1745 1441 1817 atque
1471 1740 1670 1816 ipsam
1705 1740 2146 1819 eloquentiam,
2169 1744 2338 1820 quod
2367 1762 2450 1803 ex
2475 1745 2624 1805 bene

721 1839 968 1901 dicendi
998 1836 1263 1898 scientia
1301 1843 1634 1913 constaret,
1666 1857 1850 1898 unam
1898 1840 2210 1916 quandam
2238 1860 2392 1920 ‘esse
2437 1842 2625 1901 virtu-

720 1946 847 2000 tem
905 1942 984 2010 et,
1027 1935 1135 2013 qui
1184 1953 1374 1994 unam
1418 1934 1718 1996 virtutem
1778 1936 2053 2012 haberet,
2112 1938 2316 1998 omnis
2373 1938 2618 2010 habere,

720 2055 946 2115 easque
986 2052 1118 2093 esse
1163 2033 1328 2093 inter
1370 2052 1436 2093 se
1480 2033 1760 2113 aequalis
1807 2039 1870 2095 et
1914 2035 2117 2112 paris3
2163 2035 2271 2111 ita,
2304 2037 2414 2115 qui
2459 2042 2623 2099 esset

719 2138 1032 2215 eloquenS,
1081 2151 1223 2192 eum
1268 2132 1539 2191 virtutes
1593 2133 1796 2193 omnis
1843 2134 2069 2194 habere
2115 2140 2302 2214 atque
2345 2155 2487 2197 esse
2539 2155 2622 2196 sa

717 2235 1007 2313 pientem.
1097 2232 1219 2291 Sed
1272 2230 1428 2290 haec
1477 2236 1610 2290 erat
1666 2231 1920 2308 spinosa
1965 2234 2272 2309 quaedam
2320 2240 2384 2293 et
2435 2235 2618 2295 exilis

712 2334 911 2395 oratio
931 2333 1243 2410 longeque
1271 2329 1350 2388 ab
1378 2327 1611 2388 nostris
1641 2328 1928 2389 sensibus
1959 2330 2347 2392 abhorrebat.
2435 2333 2616 2394 Char-

714 2433 929 2493 madas
954 2450 1099 2491 vero
1130 2428 1330 2488 multo
1359 2426 1614 2486 uberius
1646 2425 1882 2486 eisdem
1906 2427 1983 2487 de
2013 2428 2196 2487 rebus
2226 2429 2611 2507 loquebatur,

713 2552 837 2591 non
865 2550 989 2608 quo
1018 2528 1293 2607 aperiret
1320 2522 1700 2585 sententiam
1731 2542 1941 2599 suam3
1986 2525 2088 2584 hic
2115 2526 2286 2585 enim
2317 2546 2450 2587 mos
2482 2532 2611 2588 erat

713 2628 953 2707 patrius
1028 2624 1419 2697 Academiae,
1481 2620 1798 2681 adversari
1863 2641 2106 2700 semper
2190 2625 2480 2685 omnibus
2551 2624 2609 2683 in

712 2725 1125 2803 disputand03
1198 2722 1308 2781 sed
1378 2739 1518 2780 cum
1569 2718 1838 2778 maxime
1887 2725 2099 2780 tamen
2153 2721 2272 2781 hoc
2313 2722 2611 2800 significa-

711 2823 837 2895 bat,
905 2840 1027 2895 eos,
1077 2822 1187 2898 qui
1236 2821 1516 2881 rhetores
1575 2820 2048 2882 nominarentur
2092 2827 2155 2882 et
2205 2823 2314 2900 qui
2365 2820 2607 2882 dicendi

712 2923 1045 2997 praecepta
1100 2920 1439 2993 traderent,
1471 2918 1632 2977 nihil
1690 2919 1874 2996 plane
1922 2926 2134 2979 tenere
2179 2938 2381 2998 neque
2431 2936 2606 2998 posse

712 3034 1088 3095 quemquam
1134 3015 1500 3076 facultatem
1555 3017 1815 3095 adsequi
1858 3017 2125 3092 dicendi,
2158 3018 2280 3078 nisi
2326 3018 2436 3095 qui
2482 3015 2605 3095 phi-

712 3113 1109 3191 losophorum
1143 3113 1400 3173 inventa
1430 3114 1772 3174 didicisset.

792 3211 885 3272 19.
933 3210 1357 3288 Disputabant
1380 3217 1598 3271 contra
1623 3202 1852 3272 'diserti
1883 3212 2164 3273 homines
2189 3213 2602 3273 Athenienses

711 3316 777 3369 et
803 3309 870 3367 in
903 3328 967 3367 re
1001 3308 1251 3385 publica
1292 3308 1622 3387 causisque
1665 3310 1916 3386 versati,
1948 3310 2015 3369 in
2055 3311 2198 3389 quis
2239 3317 2377 3371 erat
2417 3311 2600 3371 etiam

708 3409 780 3483 is,
826 3407 936 3486 qui
973 3425 1170 3484 nuper
1212 3406 1449 3464 Romae
1493 3406 1635 3480 fuit,
1672 3408 2096 3484 MenedemuS,
2140 3409 2369 3487 hospes
2414 3425 2595 3469 meus.

707 3506 828 3578 Qui
886 3524 1024 3565 cum
1089 3503 1326 3563 diceret
1394 3521 1530 3563 esse
1594 3505 1904 3581 quandam
1967 3507 2384 3585 prudentiam,
2449 3522 2596 3586 quae

706 3608 1064 3665 versaretur
1117 3600 1185 3660 in
1240 3598 1692 3690 perspiciendis
1749 3600 2095 3665 rationibus
2150 3604 2597 3676 constituenda-
