2816 4097
602 375 688 439 42

607 767 693 812 148

612 1252 696 1297 149

617 2030 703 2077 150

620 3191 701 3236 151

1258 393 1329 441 M.
1368 394 1568 441 TULLI
1605 394 1955 443 CICERONIS
2065 393 2199 453 [Lm.
2219 394 2259 440 1.
2282 394 2416 441 CAP.
2435 394 2508 451 32,
2525 394 2594 440 33.

739 579 927 637 quam
958 560 1027 619 in
1052 561 1200 635 acie,
1233 568 1499 638 possunt
1527 561 1714 620 etiam
1745 579 1912 620 nunc
1941 559 2388 620 exercitatione
2429 559 2597 637 quasi

740 657 983 717 ludicra
1012 657 1402 735 praediscere
1430 677 1500 717 ac
1529 658 1837 718 meditari.

824 756 1005 814 Hanc
1044 755 1265 832 ipsam,
1297 755 1508 832 inquit
1553 755 1886 833 Sulpicius,
1933 774 2117 815 nosse
2161 754 2480 829 volumus3
2533 773 2598 813 30

740 857 953 911 tamen
982 852 1122 926 ista,
1155 871 1312 929 quae
1342 853 1452 911 abs
1483 857 1548 911 te
1577 852 1853 913 breviter
1882 853 1958 912 de
1988 858 2120 911 arte
2150 853 2411 912 decursa
2446 857 2598 925 sunt,

743 948 957 1008 audire
1005 949 1308 1027 cupimus,
1351 968 1733 1027 quamquam
1776 956 1925 1010 sunt
1970 949 2152 1009 nobis
2200 966 2447 1026 quoque
2485 967 2603 1006 non

741 1045 1042 1105 inaudita.
1128 1046 1362 1106 Verum
1406 1047 1519 1105 illa
1559 1066 1738 1122 mox3
1795 1065 1960 1106 nunc
2009 1047 2086 1106 de
2135 1046 2274 1123 ipsa
2321 1044 2608 1105 exercita-

740 1143 913 1203 tione
943 1144 1097 1221 quid
1125 1144 1359 1204 sentias
1391 1143 1765 1221 quaerimus

826 1240 922 1301 33.
969 1240 1275 1318 Equidem
1323 1241 1513 1318 probo
1555 1240 1695 1315 ista,
1738 1241 2002 1301 Crassus
2043 1240 2269 1318 inquit,
2300 1258 2460 1318 quae
2501 1258 2610 1299 vos

745 1338 948 1397 facere
992 1337 1226 1412 soletis,
1260 1344 1347 1412 ut,
1392 1356 1582 1397 causa
1623 1337 1836 1415 aliqua
1880 1336 2086 1416 posita
2127 1337 2440 1398 consimili
2483 1356 2615 1399 cau-

746 1453 956 1495 sarum
983 1453 1196 1495 earum
1226 1454 1383 1513 quac
1412 1435 1480 1494 in
1508 1435 1714 1494 forum
1745 1435 2135 1508 deferuntur,
2167 1434 2392 1495 dicatis
2427 1454 2614 1511 quam

746 1533 1017 1591 maxime
1045 1532 1127 1593 ad
1164 1532 1496 1592 veritatem
1539 1532 2030 1607 accommodate3
2075 1533 2186 1591 sed
2225 1531 2510 1609 plerique
2555 1532 2620 1590 in

748 1629 866 1688 hoc
889 1648 1104 1689 vocem
1125 1629 1326 1704 mod0,
1350 1648 1551 1707 neque
1582 1648 1720 1689 eam
1750 1630 2036 1704 scienter,
2061 1634 2126 1689 et
2147 1629 2300 1688 viris
2324 1634 2622 1688 exercent

750 1744 892 1785 suas
923 1732 987 1785 et
1016 1725 1265 1801 linguae
1292 1726 1680 1787 celeritatem
1709 1725 1979 1786 incitant
2009 1727 2464 1803 verborumque
2505 1725 2620 1784 fre-

749 1823 1007 1899 quentia
1048 1823 1454 1883 delectantur.
1543 1825 1622 1882 In
1663 1842 1788 1901 quo
1830 1823 2002 1882 fallit
2041 1842 2164 1897 eOS,
2205 1823 2376 1900 quod
2418 1822 2625 1882 audie-

751 1924 915 1994 runt,
971 1920 1231 1980 dicendo
1295 1920 1598 1994 homineS‚
1657 1926 1730 1980 ut
1800 1920 2028 1995 dicant,
2087 1920 2327 1979 efficere
2401 1920 2618 1979 solere.

752 2018 915 2077 Vere
949 2017 1116 2077 enim
1145 2017 1334 2079 etiam
1364 2017 1525 2078 illud
1567 2017 1815 2094 dicitur,
1848 2036 2139 2096 perverse
2180 2017 2389 2078 dicere
2431 2017 2623 2077 homi-

750 2134 859 2174 nes
884 2133 1173 2192 perverse
1195 2115 1458 2175 dicendo
1480 2115 1780 2176 facillime
1811 2115 2123 2193 consequi.
2208 2115 2616 2186 Quamobrem

750 2213 817 2271 in
865 2212 1006 2273 istis
1054 2213 1210 2291 ipsis
1260 2212 1831 2287 exercitationibUS,
1883 2213 2005 2272 etsi
2060 2212 2218 2272 utile
2273 2218 2375 2274 est
2431 2213 2626 2272 etiam

750 2311 956 2371 subito
988 2328 1173 2387 saepe
1213 2309 1438 2384 dicere,
1468 2315 1678 2369 tamen
1722 2309 1882 2368 illud
1922 2309 2163 2384 utilius,
2195 2315 2453 2386 sumpto
2497 2328 2630 2386 spa-

749 2408 839 2467 tio
882 2408 962 2467 ad
996 2407 1414 2482 cogitandum,
1447 2407 1728 2485 paratius
1771 2412 1958 2484 atque
2001 2406 2352 2466 accuratius
2396 2407 2629 2466 dicere.

750 2505 954 2581 Caput
996 2510 1208 2564 autem
1252 2509 1367 2577 est,
1398 2504 1586 2580 quod,
1615 2509 1688 2562 ut
1729 2522 1874 2562 vere
1919 2503 2138 2578 dicam,
2171 2503 2435 2562 minime
2482 2503 2636 2563 faci-

750 2619 907 2675 111118,
942 2603 1070 2680 (est
1093 2600 1261 2660 enim
1283 2600 1494 2675 magni
1517 2599 1764 2674 laboris,
1790 2618 1976 2678 quem
1996 2599 2279 2677 plerique
2303 2599 2630 2676 fugimus)

752 2716 937 2774 quam
989 2697 1329 2774 plurimum
1383 2697 1670 2757 scribere.
1760 2697 1957 2756 Stilus
2016 2696 2289 2773 optimus
2341 2703 2406 2756 et
2463 2715 2642 2774 prae·
2719 2679 2721 2700 ¹

754 2793 1181 2853 stantissimus
1244 2793 1496 2853 dicendi
1564 2793 1824 2853 effector
1891 2811 1964 2852 ac
2023 2793 2357 2870 magister3
2423 2813 2642 2871 neque

752 2891 999 2949 iniuria.
1083 2891 1245 2950 Nam
1303 2891 1357 2950 si
1413 2890 1688 2950 subitam
1750 2896 1816 2949 et
1883 2890 2212 2950 fortuitam
2275 2890 2642 2950 orationem

753 2988 1193 3048 commentatio
1243 2993 1309 3047 et
1357 2987 1656 3064 cogitatio
1706 2987 1892 3046 facile
1942 2987 2158 3060 vincit,
2203 2986 2366 3046 hanc
2423 2987 2644 3066 ipsam

755 3081 1035 3157 profecto
1099 3080 1363 3141 adsidua
1421 3100 1490 3139 ac
1554 3080 1824 3156 diligens
1897 3081 2211 3157 scriptura
2281 3081 2644 3158 superabit.

754 3179 983 3238 Omnes
1028 3177 1213 3251 enim,
1258 3177 1391 3235 sive
1434 3177 1590 3236 artis
1635 3184 1783 3237 sunt
1825 3177 1946 3237 loci
1991 3177 2123 3237 sive
2165 3176 2381 3252 ingeni
2435 3178 2652 3237 cuius-

752 3276 897 3335 dam
924 3294 997 3334 ac
1026 3273 1415 3351 prudentiae,
1439 3274 1548 3350 qui
1577 3274 1759 3334 modo
1789 3274 2008 3333 insunt
2039 3273 2108 3333 in
2149 3293 2222 3332 ea
2264 3293 2352 3349 re,
2385 3274 2474 3334 de
2519 3293 2653 3352 qua

753 3371 1104 3445 scribimuS,
1148 3369 1624 3447 anquirentibus
1668 3371 1847 3431 nobis
1890 3371 2184 3447 omnique
2235 3370 2370 3430 acie
2415 3371 2654 3448 ingeni

750 3466 1323 3544 contemplantibus
1342 3468 1682 3527 ostendunt
1705 3487 1772 3528 se
1792 3474 1857 3527 et
1877 3472 2213 3528 occurrunt
2231 3489 2247 3542 ;
2287 3486 2656 3545 omnesque

752 3562 1103 3624 sententiae
1126 3563 1438 3642 verbaque
1459 3564 1683 3639 omnia,
1709 3583 1867 3642 quae
1891 3571 2036 3625 sunt
2059 3563 2360 3643 cuiusque
2381 3564 2659 3642 generis
