2816 4097
265 336 373 381 Lm.
398 336 434 381 1.
458 334 585 383 cn.
608 334 702 395 62]
807 354 813 359 -
1034 336 1123 383 DE
1163 336 1492 383 ORATORE.

264 502 459 581 ipsius
489 503 815 565 facultatis
844 504 1210 565 exercitatio
1238 511 1555 565 oratorum
1595 504 1846 583 propria
1874 510 1988 579 est,
2023 504 2132 565 sed

263 600 383 660 iam
412 600 479 659 in
507 600 1023 680 philosophorum
1054 601 1503 662 consuetudine
1523 607 1810 661 versatur
1841 602 2132 660 maxime-

262 716 376 775 que
420 715 653 773 eorum,
698 698 809 777 qui
852 700 929 757 de
972 698 1143 757 omni
1186 718 1250 758 re
1300 698 1624 777 proposita
1679 699 1746 757 in
1801 705 2130 777 utramque

260 799 501 871 partem
546 794 751 854 solent
793 794 1219 873 copiosissime
1262 795 1485 855 dicere.
1573 796 1808 856 Verum
1848 815 1961 872 ego
2004 815 2127 855 non

260 891 459 951 solum
504 892 871 967 arbitrabar,
917 892 1015 951 his
1072 892 1442 969 praesertim
1491 893 1908 966 audientibuS,
1954 912 1992 952 a
2034 912 2132 951 me

246 975 586 1048 ‘informari
615 995 901 1067 oportere
934 988 1137 1067 qualis
1168 1008 1303 1049 esse
1335 995 1548 1067 posset
1577 990 1648 1063 ie,
1682 990 1792 1067 qui
1819 989 2133 1049 habitaret

259 1085 325 1144 in
352 1085 674 1146 subselliis
702 1104 905 1163 neque
936 1086 1269 1163 quicquam
1304 1086 1575 1163 amplius
1619 1087 1912 1159 adferret,
1945 1105 2132 1162 quam

258 1184 423 1259 quod
492 1202 823 1243 causarum
880 1183 1219 1243 necessitas
1289 1183 1680 1261 postularet;
1754 1183 1864 1242 sed
1933 1184 2130 1243 maius

258 1279 559 1358 quiddam
605 1280 908 1355 videbam,
939 1300 1081 1340 cum
1122 1280 1451 1340 censebam
1495 1286 1818 1353 oratorem,
1867 1298 2135 1357 praeser-

257 1377 369 1436 tim
410 1378 481 1436 in
518 1383 739 1453 nostra
764 1396 833 1437 re
863 1376 1129 1455 publica,
1162 1377 1399 1436 nullius
1429 1376 1781 1437 ornamenti
1811 1382 2130 1454 expertem

258 1493 385 1533 esse
436 1480 749 1553 oportere.
835 1476 930 1533 Tu
974 1480 1204 1547 autem,
1250 1473 1548 1551 quoniam
1597 1473 1841 1549 exiguis
1885 1473 2135 1551 quibus-

257 1571 395 1630 dam
464 1570 701 1631 finibus
770 1576 975 1631 totum
1032 1570 1299 1631 oratoris
1355 1590 1586 1631 munus
1645 1570 2130 1643 circumdedisti,

257 1668 367 1729 hoc
409 1669 671 1729 facilius
703 1669 883 1729 nobis
912 1687 1187 1747 expones
1228 1687 1319 1743 ea,
1351 1688 1510 1746 quae
1554 1669 1663 1728 abs
1707 1675 1770 1729 te
1812 1670 1890 1728 de
1917 1668 2134 1727 officiis

256 1766 735 1845 praeceptisque
793 1766 1060 1827 oratoris
1118 1766 1403 1843 quaesita
1467 1773 1648 1841 su11t3
1733 1766 1844 1826 sed
1913 1766 2133 1842 opinor

256 1866 601 1923 secundum
658 1864 825 1922 hunc
878 1863 1061 1923 diem.
1157 1862 1325 1923 Satis
1382 1863 1546 1922 enim
1609 1862 1810 1923 multa
1863 1881 1902 1921 a
1955 1863 2160 1932 nobis

255 1960 435 2021 hodie
492 1961 671 2020 dicta
726 1966 892 2021 sunt.
975 1960 1162 2018 Nunc
1218 1966 1283 2020 et
1340 1960 1656 2035 Scaevola,
1714 1960 2010 2038 quoniam
2067 1960 2132 2017 in

257 2060 684 2120 Tusculanum
728 2058 819 2117 ire
862 2057 1211 2132 constituit,
1258 2058 1516 2136 paulum
1576 2058 1940 2136 requiescet,
1986 2059 2134 2116 dum

257 2175 319 2215 se
365 2156 545 2216 calor
594 2157 863 2233 frangat,
909 2162 974 2216 et
1024 2174 1136 2214 nos
1188 2155 1331 2232 ipsi,
1378 2155 1672 2232 quoniam
1721 2155 1788 2214 id
1833 2155 2132 2231 temporis

257 2260 365 2329 est,
398 2253 757 2314 valetudini
798 2253 1015 2312 demus
1060 2270 1327 2330 operam.
1415 2252 1666 2311 Placuit
1702 2252 1789 2311 sic
1829 2251 2131 2310 omnibus,

258 2351 412 2409 Tum
480 2350 802 2425 Scaevola,
866 2368 1033 2423 sane,
1094 2348 1322 2425 inquit,
1374 2348 1604 2408 vellem
1658 2366 1785 2406 non
1839 2347 2137 2406 constitu-

257 2445 439 2506 issem
491 2446 566 2505 in
614 2447 1039 2506 Tusculanum
1098 2463 1196 2502 me
1252 2445 1439 2504 hodie
1482 2450 1815 2504 venturum
1872 2462 2009 2504 esse
2063 2445 2130 2503 L.

258 2543 452 2603 Aelio.
548 2543 849 2603 Libenter
904 2541 1187 2602 audirem
1237 2528 1605 2600 Antonium.
1691 2542 1792 2614 Et,
1842 2559 1981 2599 cum
2037 2559 2137 2600 ex·

258 2645 561 2717 surgeret,
613 2639 803 2698 simul
858 2639 1169 2712 adridenS‚
1228 2657 1432 2716 neque
1491 2638 1675 2712 enim,
1728 2637 1952 2715 inquit,
2004 2643 2134 2697 tam

258 2737 413 2797 mihi
440 2737 750 2796 molestus
779 2737 923 2810 fuit,
957 2736 1125 2813 quod
1161 2735 1260 2799 ius
1289 2741 1576 2794 nostrum
1606 2734 1792 2794 civile
1822 2735 2135 2813 pervellit,

260 2852 439 2909 quam
474 2833 803 2908 iucundae,
837 2833 1005 2911 quod
1034 2851 1099 2892 se
1131 2833 1197 2892 id
1226 2832 1467 2892 nescire
1498 2831 1822 2892 confessus
1851 2837 1963 2892 est.

2182 318 2262 383 81

2180 808 2267 853 264
