2816 4097
272 425 394 471 Lm.
418 425 457 471 1.
481 422 613 472 cir.
630 422 815 485 40-42.]
1049 422 1139 471 nn
1180 422 1506 473 οΒΑΤοΒΕ.
2202 402 2286 469 53

273 592 472 653 alacri
512 597 578 651 et
622 598 909 671 prompto
936 611 1042 652 ore
1072 598 1262 670 atque
1290 592 1488 667 voltu,
1512 592 1636 651 huc
1665 598 1854 669 atque
1884 591 2037 652 illuc
2066 590 2155 650 in-

272 695 581 764 tuentem,
612 689 829 764 vagari
868 708 1011 748 cum
1052 707 1281 765 magna
1320 694 1573 749 caterva
1615 694 1751 750 toto
1796 689 1952 763 foro,
1985 707 2156 767 prae-

275 786 515 846 sidium
544 785 879 846 clientibus
908 791 1095 864 atque
1127 805 1309 864 opem
1338 784 1555 846 amicis
1587 790 1652 845 et
1690 805 1882 863 prope
1914 786 2156 847 cunctis

273 883 521 943 civibus
564 883 770 943 lucem
796 884 1010 961 ingeni
1038 889 1104 944 et
1131 883 1355 943 consili
1384 883 1484 944 sui
1515 883 1937 961 porrigentem
1965 889 2154 961 atque

272 981 645 1041 tendentem
667 1000 873 1041 nonne
900 972 1191 1059 inprimis
1218 980 1600 1057 flagitiosum
1629 982 1980 1059 putandum
2009 987 2106 1041 est
2123 983 2155 1041 ?

282 1157 395 1211 The
416 1176 679 1227 purposes
704 1160 814 1211 and
838 1160 1161 1231 advantaqes
1187 1160 1257 1229 of
1284 1160 1365 1212 the
1401 1160 1559 1227 study
1584 1159 1652 1228 of
1681 1159 1762 1212 the
1799 1158 1934 1221 law;
1987 1158 2162 1227 usqful

361 1254 449 1299 not
474 1246 597 1315 only
621 1255 671 1300 to
694 1247 775 1299 the
791 1247 1029 1315 pleader,
1056 1247 1143 1299 but
1168 1256 1218 1300 to
1254 1247 1335 1299 the
1359 1246 1632 1310 historica,
1661 1246 1740 1299 the
1756 1254 2048 1308 statesman,
2076 1247 2156 1298 the

359 1332 587 1398 scholar,
624 1335 735 1387 and
782 1335 861 1386 the
900 1334 1249 1403 philosopher.
1337 1333 1375 1385 I
1373 1342 1390 1386 t
1417 1343 1676 1403 promotes
1712 1332 2010 1402 patriotism
2047 1334 2157 1385 and

366 1420 617 1491 diqmfies
641 1422 730 1474 old
752 1438 865 1491 aye.
947 1422 1012 1489 ἐξ
1041 1420 1300 1474 185-203.

360 1552 459 1613 41.
512 1554 597 1612 Et
647 1554 942 1632 quoniam
992 1554 1067 1613 de
1128 1554 1522 1633 impudentia
1577 1553 1730 1629 dixi,
1782 1553 2158 1630 castigemus
2209 1564 2293 1610 185

275 1650 476 1711 etiam
504 1651 878 1728 segnitatem
917 1651 1239 1718 hominum
1267 1657 1457 1730 atque
1500 1651 1808 1711 inertiam.
1895 1651 2062 1710 Nam
2106 1651 2159 1711 si

276 1754 451 1808 esset
489 1748 615 1807 ista
642 1748 915 1825 cognitio
946 1748 1103 1809 iuris
1132 1767 1359 1826 magna
1396 1753 1585 1825 atque
1625 1747 1916 1823 difficilis,
1948 1752 2161 1807 tamen

275 1844 591 1905 utilitatis
641 1845 1007 1921 magnitudo
1056 1845 1310 1906 deberet
1360 1845 1645 1905 homines
1693 1846 1774 1904 ad
1823 1845 2161 1924 suscipien-

278 1942 437 2001 dum
469 1940 753 2003 discetdi
794 1943 1069 2003 laborem
1110 1943 1451 2020 impellere.
1541 1943 1682 2018 Sed,
1714 1943 1766 2003 Ο
1808 1942 1874 2002 di
1915 1944 2162 2002 immor-

276 2040 464 2116 taleS,
494 2059 620 2100 non
663 2039 933 2101 dicerem
976 2040 1130 2116 hoc„
1154 2039 1452 2100 audiente
1497 2039 1811 2116 Scaevola,
1857 2040 1983 2101 nisi
2024 2040 2161 2118 ipse

278 2137 493 2198 dicere
520 2131 749 2198 soleret
776 2137 1015 2198 nullius
1038 2138 1195 2198 artis
1221 2138 1570 2198 faciliorem
1594 2138 1717 2198 sibi
1744 2139 2162 2213 cognitionem

279 2234 510 2295 videri.
592 2235 773 2307 Quod
834 2235 1089 2313 quidem
1138 2237 1327 2296 certis
1377 2236 1456 2296 de
1505 2235 1710 2295 causis
1759 2255 1797 2294 a
1843 2235 2160 2312 plerisque
2213 2247 2297 2292 186

279 2331 475 2392 aliter
537 2333 967 2409 existimatur3
1035 2333 1327 2410 primum,
1378 2332 1530 2409 quia
1577 2336 1821 2390 veteres
1882 2331 2000 2405 illi,
2051 2331 2164 2408 qui

279 2429 438 2488 huic
478 2430 779 2490 scientiae
820 2429 1250 2508 praefuerunt,
1288 2429 1664 2488 obtinendae
1707 2433 1898 2505 atque
1941 2447 2164 2504 augen-

281 2525 405 2584 dae
434 2527 752 2603 potentiae
783 2546 932 2587 suae
964 2545 1151 2586 causa
1180 2525 1530 2603 pervolgari
1561 2531 1756 2585 artem
1789 2543 1967 2584 suam
1995 2525 2165 2585 nolu-

282 2628 509 2699 erunt3
554 2624 796 2699 deinde,
842 2628 1063 2701 postea
1104 2642 1293 2700 quam
1336 2628 1435 2682 est
1477 2622 1735 2697 editum,
1780 2621 2084 2700 expositis
2127 2641 2166 2682 a

282 2720 403 2780 Cn.
438 2720 657 2781 Flavio
700 2721 973 2800 primum
1014 2719 1383 2794 actionibus,
1417 2719 1576 2778 nulli
1605 2719 1881 2794 fuerunt,
1912 2719 2022 2798 qui
2053 2719 2165 2780 illa

284 2808 627 2879 artificiose
656 2819 901 2893 digesta
928 2817 1277 2894 generatim
1304 2813 1764 2895 componerent.
1853 2817 2038 2876 Nihil
2067 2824 2164 2877 est

285 2913 462 2987 enim
490 2915 659 2993 quod
686 2917 766 2975 ad
794 2921 995 2974 artem
1024 2914 1223 2991 redigi
1267 2914 1483 2992 possit,
1514 2914 1640 2974 nisi
1683 2913 1792 2973 ille
1832 2914 2026 2992 prius,
2055 2915 2167 2993 qui

286 3009 407 3070 illa
436 3016 637 3086 tenet,
670 3031 932 3090 quorum
970 3017 1167 3071 artem
1211 3011 1542 3093 instituere
1573 3011 1725 3087 volt,
1756 3011 1946 3071 habet
1989 3011 2166 3071 illam

285 3107 641 3183 scientiam,
672 3114 745 3168 ut
786 3128 864 3168 ex
907 3109 1000 3168 eis
1042 3109 1244 3183 rebus,
1285 3127 1553 3185 quarum
1593 3127 1692 3168 ars
1737 3110 2014 3168 nondum
2059 3110 2162 3184 sit,

286 3209 492 3265 artem
522 3204 761 3264 efficere
805 3206 1023 3284 possit.
1112 3207 1253 3266 Hoc
1283 3205 1482 3282 vide0,
1515 3207 1664 3266 dum
1693 3206 1966 3266 breviter
1995 3207 2164 3278 volu·
2218 3220 2299 3264 187

288 3301 450 3361 erim
480 3302 707 3378 dicere,
738 3303 976 3362 dictum
1018 3322 1055 3362 a
1097 3322 1196 3362 me
1238 3322 1373 3363 esse
1418 3303 1605 3380 paulo
1647 3304 2008 3379 obscurius;
2057 3305 2168 3363 sed

288 3399 586 3478 experiar
614 3405 678 3458 et
706 3400 927 3474 dicam,
961 3400 1015 3460 si
1030 3406 1279 3477 potero,
1313 3399 1578 3478 planius.

372 3495 473 3556 42.
522 3495 747 3565 Omnia
788 3497 937 3570 fere,
975 3515 1134 3574 quae
1176 3503 1324 3557 sunt
1366 3497 1661 3557 conclusa
1700 3515 1864 3556 nunc
1905 3496 2162 3570 artibuS‚

292 3593 585 3670 dispersa
612 3597 678 3652 et
704 3591 1011 3670 dissipata
1038 3593 1351 3670 quondam
1379 3583 1670 3666 fuerunt,
1714 3596 1789 3651 ut
1816 3590 1882 3648 in
1911 3589 2174 3650 musicis·
