2816 4097
311 406 430 451 Lm.
457 405 496 452 1.
519 405 650 453 OAr.
668 406 741 461 39,
763 404 861 464 4o.]
1094 405 1185 453 DE
1226 404 1553 454 ORATORE.

312 573 551 633 iudicio
582 573 815 634 stultus
846 578 909 633 et
939 592 1052 633 suo
1082 574 1266 635 valde
1296 573 1548 651 sapiens
1577 579 1644 634 et
1675 574 1754 635 ab
1788 572 1941 633 iuris
1985 569 2196 633 studio

310 689 442 730 non
470 670 830 745 abhorrens,
864 670 1058 731 simili
1087 671 1154 731 in
1185 690 1248 731 re
1278 672 1550 749 quodam
1585 671 1766 730 modo
1804 689 2003 749 nuper
2036 688 2198 729 erra-

310 767 425 827 vit.
512 769 679 827 Nam
708 785 849 827 cum
882 768 1057 829 aedis
1096 770 1164 829 L.
1204 768 1381 828 Fufio
1423 768 1740 842 venderet,
1772 768 1842 827 in
1883 766 2195 845 mancipio

311 864 571 939 lumina,
616 865 712 924 uti
757 870 892 924 tum
941 872 1169 941 essent,
1215 864 1307 925 ita
1356 866 1608 944 recepit.
1697 865 1914 925 Fufius
1963 869 2193 939 autem,

313 962 507 1022 simul
549 966 740 1039 atque
782 962 1097 1023 aedificari
1131 968 1423 1041 coeptum
1465 969 1563 1023 est
1607 963 1675 1022 in
1709 964 1979 1042 quadam
2018 966 2196 1039 parte

310 1060 509 1135 urbiS,
554 1078 711 1137 quae
757 1059 943 1120 modo
992 1078 1071 1119 ex
1123 1060 1253 1121 illis
1310 1060 1570 1122 aedibus
1629 1060 1904 1138 conspici
1964 1066 2193 1137 posset,

311 1156 446 1233 egit
476 1156 693 1217 statim
723 1174 863 1216 cum
893 1158 1211 1232 Buculei0,
1238 1158 1424 1237 quod,
1451 1158 1818 1236 cuicumque
1850 1156 2196 1234 particulae

311 1254 475 1314 caeli
504 1252 870 1328 officeretur,
902 1255 1189 1332 quamvis
1221 1261 1389 1315 esset
1422 1256 1654 1333 procul,
1685 1255 1916 1315 mutari
1959 1254 2198 1313 lumina

311 1351 595 1429 putabat.
680 1351 847 1422 Quid
878 1354 1070 1412 vero?
1114 1352 1465 1413 clarissima
1496 1353 1604 1413 M'.
1637 1352 1790 1413 Curi
1816 1370 2004 1411 causa
2035 1352 2196 1409 Mar-

310 1449 497 1525 cique
541 1448 781 1525 Coponi
809 1467 1007 1526 nuper
1046 1451 1215 1527 apud
1258 1449 1682 1510 centumviros
1726 1468 1850 1526 quo
1893 1467 2197 1508 concursu

311 1545 658 1621 hominum,
716 1565 841 1624 qua
896 1548 1364 1624 exspectatione
1423 1547 1686 1607 defensa
1733 1549 1877 1606 est?
1933 1565 2072 1606 cum
2124 1546 2190 1615 Q.

314 1642 633 1719 Scaevola,
665 1643 945 1721 aequalis
989 1650 1054 1705 et
1089 1644 1329 1722 collega
1371 1664 1565 1720 meus,
1597 1644 1785 1704 homo
1819 1644 2097 1704 omnium
2131 1648 2196 1702 et

311 1738 655 1817 disciplina
694 1740 850 1801 iuris
893 1741 1101 1801 civilis
1147 1742 1609 1803 eruditissimus
1653 1736 1722 1803 et'
1766 1742 2016 1819 ingenio
2058 1760 2197 1819 pru-

312 1837 657 1914 dentiaque
708 1837 1107 1899 acutissimus
1159 1845 1223 1898 et
1280 1840 1563 1900 oratione
1613 1840 1884 1900 maxime
1940 1839 2195 1899 limatus

312 1940 505 2011 atque
534 1933 787 1995 subtilis
820 1940 1029 2013 atque,
1060 1941 1133 1996 ut
1166 1954 1279 2011 ego
1314 1937 1484 1997 soleo
1522 1937 1744 2011 dicere,
1776 1938 1930 1996 iuris
1969 1936 2196 2015 perito-

314 2051 456 2090 rum
486 2030 1057 2109 eloquentissimus,
1090 2033 1520 2112 eloquentium
1558 2034 1714 2096 iuris
1755 2034 2192 2112 peritissimuS,

314 2149 397 2190 ex
428 2130 665 2208 scripto
694 2137 1213 2192 testamentorum
1239 2133 1379 2193 iura
1400 2132 1768 2192 defenderet
1794 2137 2193 2208 negaretque,

311 2227 445 2288 nisi
473 2233 800 2306 postumus
832 2234 897 2289 et
923 2234 1110 2289 natus
1142 2236 1225 2306 et,
1258 2235 1592 2306 antequam
1623 2229 1691 2287 in
1722 2248 1898 2288 suam
1926 2228 2192 2287 tutelam

313 2325 581 2400 veniret,
612 2331 895 2387 mortuus
930 2331 1115 2400 esset,
1148 2327 1443 2386 heredem
1487 2345 1626 2386 eum
1673 2344 1809 2386 csse
1854 2343 2053 2402 posse,
2085 2325 2195 2401 qui

313 2428 487 2484 esset
510 2424 850 2483 secuudum
874 2429 1235 2500 postumum
1257 2429 1323 2484 et
1344 2429 1564 2484 natum
1587 2429 1651 2483 et
1675 2427 1992 2482 mortuum
2014 2421 2192 2480 heres

312 2518 682 2593 institutus;
722 2538 836 2597 ego
860 2526 1073 2580 autem
1094 2519 1497 2579 defenderem
1519 2538 1662 2579 eum
1685 2519 1801 2578 hac
1822 2525 1960 2578 tum
1981 2523 2191 2578 mente

313 2616 536 2692 fuisse,
567 2617 675 2694 qui
704 2622 1151 2677 testamentum
1174 2616 1447 2691 fecisset,
1475 2621 1561 2691 ut,
1589 2617 1643 2677 si
1665 2616 1832 2676 filius
1856 2635 1978 2674 non
2010 2621 2192 2690 esset,

314 2713 528 2792 quiin
560 2733 736 2774 suam
778 2714 1044 2774 tutelam
1071 2714 1333 2788 veniret,
1368 2714 1474 2773 M’.
1514 2714 1740 2775 Curius
1785 2717 1953 2774 esset
1994 2713 2194 2787 beree,

313 2829 473 2870 num
515 2810 768 2872 destitit
809 2816 1074 2889 uterque
1118 2817 1403 2872 nostrum
1447 2810 1515 2868 in
1555 2829 1629 2870 ea
1671 2829 1856 2872 causa
1884 2810 1954 2870 in
1993 2817 2196 2870 aucto-

315 2906 634 2984 ritatibuS,
686 2908 754 2967 in
810 2907 1130 2986 exemplis,
1184 2907 1251 2967 in
1305 2913 1827 2968 testamentorum
1883 2907 2191 2984 formulis,

313 3005 435 3064 hoc
479 3012 596 3079 est,
640 3005 708 3065 in
748 3005 954 3065 medio
996 3005 1131 3065 iure
1174 3005 1349 3065 civili
1390 3005 1632 3066 versari
1655 3008 1686 3065 ?

398 3099 497 3162 40.
546 3100 789 3163 Omitto
832 3102 956 3162 iam
998 3102 1181 3181 plura
1208 3102 1495 3179 exempla
1525 3121 1851 3164 causarum
1878 3103 2190 3180 amplissi-

315 3217 563 3258 marum
593 3217 753 3275 quae
780 3205 930 3259 sunt
958 3199 1473 3275 innumerabilia3
1521 3200 1746 3276 capitis
1777 3199 1982 3260 nostri
2010 3219 2195 3276 saepe

315 3300 530 3373 potest
559 3295 837 3355 accidere
864 3301 937 3356 ut
972 3315 1195 3356 causae
1223 3302 1556 3358 versentur
1597 3297 1664 3356 in
1707 3298 1854 3356 iure.
1942 3297 2194 3356 Etenim

316 3392 375 3452 si
402 3393 470 3454 O.
504 3393 887 3466 Mancinum,
920 3393 1381 3453 nobilissimum
1411 3399 1602 3471 atque
1646 3395 1958 3471 optimum
1988 3393 2193 3453 virum

314 3496 511 3566 atque
563 3489 969 3564 consularem,
1018 3509 1159 3550 cum
1202 3508 1343 3550 eum
1393 3497 1649 3568 propter
1709 3490 2007 3550 invidiam
2065 3491 2196 3552 Nu·

316 3586 591 3646 mantini
631 3584 907 3644 foederis
947 3591 1123 3662 pater
1166 3591 1454 3662 patratus
1484 3605 1562 3646 ex
1593 3586 1652 3645 S.
1687 3586 1752 3646 C.
1784 3585 2192 3644 Numantinis

2245 382 2329 449 51

2246 1361 2332 1408 180

2245 3114 2328 3159 181
