2816 4097
223 402 402 453 ιιι-ι.
425 401 554 453 cn.
577 407 623 461 4,
645 398 714 464 5.]
1003 400 1094 451 nn
1133 400 1463 453 onAronn.
2194 379 2234 449 5

224 574 482 657 civitate
537 574 822 651 profecto
879 573 1056 632 nulla
1102 590 1400 651 umquam
1452 572 1887 633 vehementius
1944 590 2133 649 quam

223 671 617 749 eloquentiae
657 669 869 730 studia
897 669 1250 744 viguerunt.
1335 670 1504 729 Nam
1547 675 1765 747 postea
1794 686 1983 748 quam
2026 668 2135 727 im-
2180 682 2236 727 14

222 768 397 846 perio
447 766 725 827 omnium
783 766 1067 843 gentium
1124 766 1472 827 constituto
1516 767 1903 827 diuturnitas
1959 766 2131 843 pacis

223 866 422 924 otium
467 863 878 937 confirmavit,
921 882 1105 922 nemo
1161 864 1297 923 fere
1353 863 1559 923 laudis
1609 863 1873 941 cupidus
1934 862 2138 923 adule-

227 980 404 1021 scens
447 980 574 1019 non
617 960 738 1019 sibi
787 961 868 1020 ad
923 960 1254 1019 dicendum
1298 961 1510 1020 studio
1552 960 1723 1019 omni
1771 960 2133 1019 enitendum

229 1058 494 1134 putavit.
582 1057 675 1115 Ac
721 1057 924 1134 primo
953 1057 1208 1134 quidem
1250 1057 1448 1117 totius
1482 1058 1741 1117 rationis
1773 1057 1993 1132 ignari,
2025 1058 2135 1134 qui

229 1172 432 1231 neque
475 1153 939 1213 exercitationis
982 1153 1181 1213 ullam
1222 1153 1388 1212 viam
1426 1173 1629 1232 neque
1670 1154 1928 1231 aliquod
1969 1173 2139 1231 prae-

229 1257 481 1329 ceptum
517 1252 670 1309 artis
715 1268 852 1310 esse
894 1251 1370 1324 arbitrarentur,
1401 1256 1669 1325 tantuin,
1702 1256 2007 1327 quantum
2052 1251 2141 1309 in-

229 1348 413 1425 genio
457 1355 520 1407 et
568 1348 952 1425 cogitatione
1009 1352 1316 1425 poterant,
1361 1348 1935 1423 consequebantur:
1997 1354 2139 1425 post

228 1452 438 1505 autem
481 1446 715 1505 auditis
761 1445 1118 1505 oratoribus
1176 1444 1433 1506 Graecis
1478 1444 1873 1520 cognitisque
1926 1462 2139 1503 eorum

227 1542 468 1602 litteris
523 1542 952 1620 adhibitisque
1022 1540 1382 1601 doctoribus
1453 1540 1805 1600 incredibili
1876 1542 2144 1619 quodam

229 1639 432 1698 nostri
473 1638 762 1701 homines
790 1639 1071 1700 discendi
1113 1638 1322 1698 studio
1363 1638 1804 1715 flagraverunt.
1892 1640 2141 1699 Excita-
2186 1654 2241 1697 15

232 1736 342 1794 bat
372 1754 504 1796 eos
558 1736 942 1812 magnitudo,
995 1736 1266 1796 varietas
1324 1736 1791 1814 multitudoque
1847 1736 1915 1795 in
1970 1737 2139 1796 omni

232 1850 457 1909 genere
512 1852 855 1909 causarum,
899 1839 972 1893 ut
1027 1834 1105 1893 ad
1159 1852 1296 1893 eam
1353 1834 1721 1908 doctrinam,
1782 1853 1971 1911 quam
2028 1853 2139 1895 suo

231 1930 496 2007 quisque
528 1931 738 1991 studio
765 1932 1096 1991 adsecutus
1128 1936 1312 2006 esset,
1343 1931 1792 2006 adiungeretur
1826 1950 1979 1991 usus
2022 1931 2141 1991 fre·

230 2046 445 2105 quens,
479 2028 588 2106 qui
630 2028 909 2088 omnium
944 2028 1387 2104 magistrorum
1432 2033 1765 2106 praecepta
1794 2035 2134 2106 superaret.

229 2126 432 2184 Erant
473 2132 682 2185 autem
725 2126 873 2186 huic
915 2125 1125 2186 studio
1155 2126 1445 2199 maxima,
1479 2144 1638 2203 quae
1682 2143 1849 2184 nunc
1892 2143 2138 2202 quoque

231 2227 399 2295 sunt,
430 2223 719 2298 exposita
761 2222 1038 2298 praemia
1066 2222 1168 2280 vel
1207 2223 1287 2280 ad
1323 2222 1589 2295 gratiam
1619 2221 1721 2279 vel
1751 2222 1831 2280 ad
1859 2240 2008 2297 opes
2037 2222 2141 2279 vel

233 2316 315 2374 ad
356 2316 745 2393 dignitatem.
833 2317 1099 2392 Ingenia
1127 2336 1292 2391 ver0,
1323 2323 1396 2376 ut
1432 2317 1657 2375 multis
1703 2317 1885 2375 rebus
1932 2335 2142 2393 possu-

235 2431 375 2471 mus
432 2412 731 2485 iudicare,
787 2419 1145 2471 nostrorum
1211 2412 1535 2471 hominum
1594 2411 1862 2471 multum
1918 2413 2142 2472 ceteris

234 2509 594 2569 hominibus
651 2509 932 2568 omnium
987 2507 1268 2586 gentium
1331 2509 1803 2584 praestiterunt.
1905 2508 2140 2579 Quibus
2188 2525 2243 2568 16

232 2608 310 2666 de
359 2606 563 2667 causis
614 2606 755 2684 quis
805 2625 929 2665 non
989 2605 1122 2664 iure
1178 2604 1443 2665 miretur
1489 2625 1567 2664 ex
1618 2606 1788 2664 omni
1844 2606 2143 2666 memoria

231 2711 530 2779 aetatum,
563 2710 936 2782 temporum,
966 2703 1296 2764 civitatum
1336 2708 1470 2762 tam
1499 2701 1795 2778 exiguum
1825 2709 2140 2762 oratorum

232 2821 559 2861 numerum
589 2801 864 2861 inveniri
885 2804 916 2861 ?

155 3049 160 3053 ,
241 2983 350 3035 The
393 3001 551 3036 cause
591 2983 662 3052 os
696 2985 777 3036 the
819 2983 989 3051 rarity
1031 2983 1100 3052 of
1134 2991 1284 3051 yreat
1330 2989 1533 3034 oratore
1581 2979 1627 3033 is
1674 2989 1723 3033 to
1769 2981 1829 3035 be
1861 2982 2044 3052 found
2081 2985 2135 3037 in

323 3071 402 3123 the
434 3071 670 3122 inherent
707 3070 962 3139 difficulty
989 3070 1057 3136 of
1080 3070 1160 3121 the
1186 3078 1282 3121 art.
1365 3068 1474 3122 The
1504 3076 1629 3121 most
1665 3068 1887 3122 eminent
1922 3074 2139 3124 natural

320 3157 558 3226 qualities
593 3159 704 3209 and
747 3159 826 3209 the
868 3157 1064 3225 hiykest
1105 3156 1434 3209 attainments
1472 3157 1528 3208 in
1569 3157 1864 3226 knowledye
1905 3167 2040 3211 must
2078 3159 2136 3212 be

320 3243 502 3296 united
534 3245 589 3294 in
614 3261 710 3295 one
733 3261 876 3295 man.
954 3245 1017 3309 ἐξ
1049 3242 1233 3294 16-23.

319 3380 443 3438 Sed
486 3381 652 3440 enim
704 3381 902 3440 maius
951 3387 1046 3440 est
1091 3381 1205 3440 hoc
1263 3382 1580 3459 quiddam,
1614 3400 1803 3459 quam
1854 3380 2139 3461 homines

233 3476 591 3555 opinantur,
624 3483 690 3537 et
717 3477 1001 3555 pluribus
1033 3497 1110 3537 ex
1137 3479 1379 3540 artibus
1410 3478 1763 3555 studiisque
1788 3478 2138 3537 collectum.

317 3573 372 3634 5.
419 3573 582 3645 Quid
611 3574 780 3633 enim
809 3574 950 3654 quis
979 3573 1152 3635 aliud
1181 3574 1248 3634 in
1277 3575 1552 3636 maxima
1582 3573 1959 3636 discentium
1995 3574 2147 3632 mul-
