2816 4097
217 389 328 435 Lm.
353 389 392 435 1.
416 389 547 436 on.
571 385 669 448 16.]
991 386 1082 433 DE
1123 384 1452 434 ORATORE.

218 557 458 634 poetica
485 556 754 634 quadam
787 554 1111 629 facultate,
1142 573 1269 614 non
1311 552 1564 629 rustica,
1590 553 1913 632 scripsisse
1958 571 2129 631 prae-

217 654 406 714 clare:
453 653 606 733 quid
634 659 732 713 est
759 672 870 712 cur
895 670 1024 711 non
1051 657 1263 711 orator
1301 652 1377 711 de
1405 651 1590 712 rebus
1630 652 1721 711 eis
1754 650 2128 729 eloquentis-

216 752 367 813 sime
391 751 576 826 dicat,
599 770 756 829 quas
773 751 855 810 ad
876 754 1112 809 certam
1129 767 1379 809 causam
1397 753 1771 827 tempusque
1794 748 2078 824 cognorit
2094 750 2126 807 ⁴?

2144 366 2226 433 21

215 849 331 909 Est
377 848 546 907 enim
593 847 901 907 finitimus
953 846 1188 906 oratori
1238 850 1439 922 poeta,
1482 845 1759 905 numeris
1810 845 2128 905 astrictior
2171 859 2229 904 το

217 945 418 1023 paulo,
457 944 791 1004 verborum
840 948 1050 1003 autem
1093 941 1353 1002 licentia
1394 942 1667 1018 liberior,
1711 942 1929 1003 multis
1976 961 2125 1002 vero

217 1041 479 1101 ornandi
508 1040 837 1119 generibus
866 1039 1072 1099 socius
1101 1058 1172 1099 ac
1206 1058 1403 1116 paene
1433 1058 1573 1116 par3
1618 1039 1685 1098 in
1722 1040 1839 1099 hoc
1872 1039 2125 1116 quidem

217 1144 381 1197 certe
411 1153 604 1216 prope
633 1138 819 1212 idem,
849 1136 1043 1197 nullis
1080 1142 1160 1195 ut'
1195 1135 1483 1195 terminis
1522 1136 1989 1213 circumscribat
2017 1142 2126 1195 aut

216 1234 476 1294 definiat
504 1235 604 1295 ius
645 1254 841 1308 sumn,
867 1252 989 1311 quo
1013 1233 1222 1293 minus
1249 1232 1308 1292 ei
1336 1233 1527 1293 liceat
1554 1233 1771 1292 eadem
1798 1232 1911 1291 illa
1938 1232 2129 1291 facul·
2150 1222 2183 1297 ’,

213 1338 344 1391 tate
374 1338 438 1392 et
466 1332 644 1409 copia
672 1331 888 1408 vagari
917 1349 1041 1409 qua
1067 1330 1240 1389 velit.
1325 1331 1494 1389 Nam
1536 1331 1704 1407 quod
1744 1329 1923 1403 illud,
1956 1329 2131 1389 Scae-

212 1429 370 1504 vola,
394 1429 639 1506 negasti
660 1434 725 1489 te
754 1427 955 1487 fuisse
983 1427 1280 1510 laturum,
1304 1426 1430 1487 nisi
1458 1426 1527 1484 in
1554 1444 1691 1485 meo
1720 1445 1911 1501 regno
1940 1444 2125 1500 esses,

211 1526 379 1604 quod
407 1527 475 1586 in
503 1526 673 1585 omni
703 1543 928 1601 genere
960 1523 1278 1598 sermonis,
1312 1523 1379 1582 in
1420 1522 1590 1582 omni
1632 1528 1808 1600 parte
1851 1523 2129 1582 humani-

211 1623 364 1684 tatis
407 1622 675 1681 dixerim
730 1627 1039 1681 oratorem
1093 1622 1447 1698 perfectum
1493 1638 1629 1681 esse
1671 1620 1912 1695 debere,
1956 1640 2129 1680 num·

214 1738 401 1796 quam
429 1719 780 1779 mehercule
819 1718 935 1778 hoc
972 1718 1259 1793 dicerem,
1291 1718 1349 1778 si
1379 1702 1559 1793 eum,-
1583 1737 1768 1796 quem
1811 1718 1995 1800 finxg0‚
2030 1738 2126 1778 me

2173 1342 2228 1388 71

213 1816 420 1893 ipsum
469 1818 612 1876 esse'
656 1815 1010 1876 arbitrarer.
1101 1815 1238 1891 Sed,
1290 1822 1363 1875 ut
1420 1816 1662 1875 solebat
1718 1817 1782 1877 O.
1843 1798 2127 1876 Lucilius
2170 1829 2227 1874 ⁷2

210 1932 396 1991 saepe
440 1913 662 1989 dicere,
709 1914 891 1975 homo
933 1914 1053 1973 tibi
1097 1914 1433 1988 subiratus,
1476 1913 1633 1972 mihi
1682 1918 1940 1991 propter
1990 1931 2125 1973 eam

207 2010 410 2089 ipsam
464 2030 714 2073 causam
775 2012 981 2072 minus
1053 2002 1264 2090 quam'
1295 2011 1548 2072 volebat
1603 2010 1956 2088 familiaris,
2016 2012 2124 2072 sed

205 2115 418 2169 tamen
461 2115 526 2169 et
567 2111 786 2169 doctus
839 2115 902 2170 et
952 2109 1355 2190 perurbanuS,
1403 2109 1493 2168 sic
1543 2109 1763 2188 sentiO,
1808 2109 2124 2168 neminem

207 2223 344 2264 esse
372 2206 439 2264 in
467 2210 785 2267 oratorum
813 2225 1072 2264 numero
1099 2206 1475 2286 habendum,
1508 2206 1617 2282 qui
1646 2205 1893 2264 non-sit
1936 2206 2127 2264 omni-

214 2301 328 2360 bus
370 2301 461 2360 eis
502 2302 760 2375 artibus,
804 2319 963 2378 quae
1013 2306 1161 2359 sunt
1207 2301 1408 2360 libero
1453 2301 1695 2377 dignae,
1741 2301 2125 2379 perpolitus;

209 2397 440 2474 quibus
467 2397 626 2474 ipsis
655 2398 710 2456 si
746 2397 817 2455 in
853 2397 1117 2456 dicendo
1155 2415 1285 2457 non
1324 2397 1580 2472 utimur,
1610 2387 1823 2456 tamen
1864 2404 2126 2475 apparet

207 2500 401 2573 atque
425 2499 651 2569 exstat,
676 2500 888 2555 utrum
912 2492 1105 2553 simus
1135 2511 1350 2552 earum
1377 2493 1565 2552 rudes
1595 2513 1675 2552 an
1705 2493 2122 2553 didicerimus.

207 2592 304 2652 Ut
327 2591 436 2669 qui
461 2591 590 2668 pila
617 2588 863 2666 ludu'nt,
886 2609 1014 2650 non
1036 2594 1301 2650 utuntur
1330 2589 1398 2648 in
1426 2589 1566 2666 ipsa
1592 2589 1837 2649 lusione
1860 2589 2127 2651 artificio
2170 2603 2229 2648 73

205 2689 462 2776 proprio
492 2675 858 2765 palaestrae,
883 2688 995 2748 sed
1021 2687 1260 2747 indicat
1288 2686 1426 2765 ipse
1455 2692 1681 2768 motuS,
1712 2685 2125 2748 didicerintne

205 2785 588 2863 palaestram
616 2805 696 2844 an
724 2785 1027 2865 nesciant,
1051 2790 1116 2845 et
1145 2783 1254 2863 qui
1283 2783 1528 2866 aliquid
1554 2784 1815 2860 fingunt,
1842 2785 1962 2845 etsi
1988 2790 2124 2846 tum

205 2882 458 2960 pictura
493 2882 656 2941 nihil
683 2887 967 2954 utuntur,
999 2888 1228 2956 tamen,
1258 2869 1472 2941 utrum
1516 2881 1716 2942 sciant
1751 2882 2003 2960 pingere
2044 2902 2124 2943 an

205 2978 512 3054 nesciant,
555 2998 679 3038 non
732 2981 1065 3040 obscurum
1101 2983 1228 3056 est,
1273 2978 1364 3038 sic
1414 2978 1483 3037 in
1526 2970 1913 3048 orationibus
1952 2979 2125 3041 hisce

205 3076 365 3154 ipsis
396 3076 786 3162 iudiciorum,
818 3075 1199 3150 contionum,
1235 3081 1509 3151 senatus,
1540 3076 1733 3136 etiam
1774 3077 1830 3139 si,
1871 3078 2122 3155 proprie

204 3178 451 3232 ceterae
481 3191 606 3231 non
635 3172 1048 3232 adhibeantur
1077 3177 1262 3252 artes,
1294 3178 1507 3233 tamen
1536 3173 1721 3234 facile
1751 3173 2123 3248 declaratur,

202 3275 423 3330 utrum
465 3270 537 3344 is,
570 3269 681 3347 qui
723 3269 908 3344 dicat,
938 3271 1371 3351 tantummodo
1413 3270 1481 3329 in
1522 3271 1639 3331 hoc
1682 3270 2125 3331 declamatorio

207 3367 297 3426 sit
341 3384 526 3444 opere
569 3365 839 3425 iactatus
882 3385 965 3426 an
1003 3367 1084 3426 ad
1125 3366 1458 3427 dicendum
1508 3367 1797 3427 omnibus
1837 3366 2125 3442 ingenuis

205 3463 452 3523 artibus
482 3462 830 3522 instructus
859 3462 1206 3524 accesserit.
