2816 4097
608 385 692 450 18
1273 409 1343 454 M.
1381 409 1580 457 ‘rum
1618 409 1966 458 monnoms
2083 409 2217 470 [Lm.
2243 412 2282 457 1.
2309 411 2442 458 cn.
2460 411 2525 464 13,
2541 411 2598 454 14.

606 585 665 631 58
710 572 971 635 mirifice
1012 575 1279 636 deditus.
1368 578 1506 636 Iam
1536 596 1682 637 vero
1718 579 1793 637 de
1839 579 2082 654 legibus
2123 583 2196 638 de
2239 581 2515 651 covemis,
2543 577 2604 634 de

709 670 875 732 bello
904 673 981 732 de
1010 691 1180 751 pace,
1212 674 1287 732 de
1320 675 1505 736 sociis
1535 676 1610 735 de
1641 676 2072 752 vectigalibuS,
2105 677 2181 735 de
2217 676 2356 736 iure
2395 674 2602 736 civium

709 770 1053 844 generatim
1096 770 1162 828 in
1202 772 1453 832 ordines
1503 778 1866 851 aetatesque
1917 773 2223 851 discripto
2267 773 2487 834 dicant
2523 769 2606 828 vel

710 866 950 940 Graeci,
977 867 1030 927 si
1054 867 1291 943 volunt,
1319 870 1677 946 Lycurgum
1701 877 1810 933 aut
1835 871 2126 931 Solonem
2144 907 2228 916 —
2243 887 2606 951 quamquam

710 963 855 1023 illos
897 965 1148 1043 quidem
1191 984 1516 1026 censemus
1560 967 1626 1026 in
1677 987 1935 1028 numero
1978 969 2419 1047 eloquentium
2459 983 2610 1042 repo-

708 1061 1253 1123 nendos—scisse
1297 1064 1540 1139 melius,
1585 1084 1771 1142 quam
1813 1065 2206 1144 Hyperidem
2249 1074 2365 1127 aut
2410 1067 2612 1124 Demo

710 1159 1012 1235 sthenem,
1029 1160 1340 1237 perfectos
1361 1162 1486 1220 iam
1506 1162 1789 1222 homines
1810 1163 1873 1221 in
1896 1162 2158 1223 dicendo
2177 1171 2240 1223 et
2258 1161 2608 1242 perpolitOS,

708 1256 808 1315 vel
837 1258 1037 1318 nostri
1067 1258 1468 1333 decemviros,
1501 1260 1611 1337 qui
1640 1260 1778 1319 XII
1809 1260 2056 1320 tabulas
2100 1262 2610 1340 perscripserunt,

709 1373 864 1430 quos
906 1374 1158 1415 necesse
1200 1363 1297 1414 est
1340 1357 1541 1416 fuisse
1585 1357 1932 1434 prudentie,
1965 1363 2357 1435 anteponant
2401 1358 2471 1416 in
2511 1355 2609 1413 hoc

709 1469 932 1527 genere
976 1459 1039 1512 et
1083 1453 1213 1512 Ser.
1261 1454 1498 1513 Galbae
1549 1460 1612 1514 et
1656 1473 1868 1514 socero
1915 1460 2025 1514 tuo
2068 1456 2132 1517 C.
2181 1456 2423 1529 Laelio,
2471 1468 2609 1530 quos

606 1561 665 1604 59
708 1555 955 1609 constat
997 1550 1244 1609 dicendi
1294 1551 1495 1628 gloria
1543 1551 1953 1630 praestitisse.
2038 1554 2410 1630 Numquam
2459 1549 2610 1610 enim

708 1645 942 1722 negabo
972 1665 1107 1706 esse
1138 1649 1440 1724 quasdam
1470 1650 1671 1727 partis
1702 1649 1988 1726 proprias
2017 1668 2247 1725 eorum,
2281 1651 2399 1727 qui
2431 1650 2499 1708 in
2525 1645 2610 1704 his

710 1744 1153 1819 cognoscendis
1208 1751 1397 1823 atque
1454 1747 1802 1806 tractandis
1860 1745 2139 1806 studium
2199 1767 2386 1807 suum
2445 1759 2609 1806 omne

717 1846 1092 1918 posuerunt3
1138 1843 1248 1901 sed
1276 1850 1587 1904 oratorem
1612 1844 1864 1921 plenum
1889 1850 2077 1922 atque
2108 1845 2469 1923 perfectum
2489 1855 2610 1901 esse

710 1957 871 2013 eum,
924 1939 1031 2015 qui
1080 1939 1157 1998 de
1206 1941 1494 2000 omnibus
1546 1941 1730 2001 rebus
1780 1940 1982 2018 possit
2029 1941 2277 2019 copiose
2325 1941 2610 2015 varieque

710 2035 930 2096 dicere.

791 2133 881 2194 14.
931 2135 1185 2195 Etenim
1216 2154 1400 2213 saepe
1429 2136 1497 2194 in
1527 2136 1616 2196 eis
1645 2136 1867 2212 causis,
1900 2155 2055 2214 quas
2085 2156 2300 2197 omnes
2334 2133 2609 2215 proprias

708 2250 843 2292 esse
894 2239 1210 2293 oratorum
1267 2233 1662 2308 confitentur,
1715 2239 1812 2293 est
1856 2234 2115 2311 aliquid,
2155 2234 2325 2312 quod
2373 2253 2504 2294 non
2544 2246 2612 2287 ex

707 2349 827 2389 usu
855 2331 1109 2406 forensi,
1142 2349 1325 2409 quem
1360 2330 1563 2390 solum
1605 2330 1955 2391 oratoribus
2001 2332 2358 2405 conceditis,
2393 2330 2506 2392 sed
2543 2342 2611 2385 ex

707 2428 1059 2489 obscuriore
1104 2429 1317 2507 aliqua
1360 2428 1624 2487 scientia
1661 2429 1749 2487 sit
1784 2429 2192 2506 promendum
2223 2434 2418 2506 atque
2447 2427 2612 2487 adsu-

604 2537 665 2581 60
706 2526 1017 2585 mendum.
1104 2528 1347 2596 Quaero
1388 2524 1556 2584 enim
1600 2544 1750 2585 num
1793 2526 1994 2603 possit
2035 2532 2144 2585 aut
2179 2532 2400 2585 contra
2436 2526 2610 2599 impe·

708 2629 976 2683 ratorem
1006 2629 1115 2682 aut
1145 2642 1259 2701 pro
1288 2624 1667 2701 imperatore
1711 2622 1837 2683 dici
1881 2624 2015 2683 sine
2055 2623 2146 2683 rei
2174 2622 2476 2684 militaris
2503 2635 2610 2679 usu

707 2726 815 2779 aut
845 2738 1030 2795 saepe
1059 2720 1248 2780 etiam
1276 2722 1414 2781 sine
1443 2720 1769 2797 regionum
1809 2720 2204 2780 terrestrium
2234 2726 2346 2780 aut
2387 2714 2610 2781 mariti-

706 2836 949 2875 marum
971 2816 1263 2892 scientia3
1299 2837 1451 2877 num
1471 2819 1637 2895 apud
1655 2818 1952 2896 populum
1974 2819 2050 2877 de
2068 2817 2314 2895 legibus
2333 2812 2610 2879 iubendis

706 2919 816 2973 aut
840 2913 1146 2987 vetandiS,
1169 2933 1321 2973 num
1344 2914 1413 2973 in
1435 2921 1657 2975 senatu
1678 2916 1754 2975 de
1777 2914 1947 2974 omni
1969 2915 2059 2975 rei
2083 2915 2368 2994 publicae
2397 2925 2609 2992 genere

707 3010 833 3069 dici
852 3009 989 3069 sine
1008 3028 1250 3069 summa
1270 3030 1474 3069 rerum
1493 3011 1776 3071 civilium
1800 3011 2154 3087 cognitione
2174 3017 2238 3071 et
2255 2998 2606 3089 prudentia3

706 3125 853 3165 num
886 3106 1201 3166 admoveri
1234 3106 1436 3183 possit
1465 3108 1663 3168 oratio
1693 3110 1772 3169 ad
1801 3127 2020 3169 sensus
2051 3108 2399 3169 animorum
2431 3116 2605 3185 atque

706 3208 912 3262 motus
936 3202 1037 3261 vel
1066 3202 1543 3265 inflammandos
1573 3207 1675 3265 vel
1699 3206 1890 3265 etiam
1921 3205 2427 3281 exstinguendos,
2453 3198 2606 3284 quod

705 3320 902 3359 unum
930 3300 998 3358 in
1027 3306 1271 3361 oratore
1301 3302 1672 3377 dominatur,
1707 3302 1840 3363 sine
1884 3303 2372 3379 diligentissima
2409 3317 2606 3381 perve-

706 3398 1043 3474 stigatione
1086 3417 1299 3459 earum
1346 3399 1625 3459 omnium
1668 3400 1999 3475 rationum,
2045 3419 2202 3479 quae
2247 3400 2322 3459 de
2375 3397 2604 3461 naturis

704 3493 963 3556 humani
1006 3497 1250 3574 generis
1279 3517 1350 3558 ac
1380 3496 1656 3557 moribus
1693 3516 1730 3557 a
1765 3497 2161 3576 philosophis
2199 3497 2599 3576 explicantur.

603 3608 659 3652 61
710 3594 916 3667 Atque
959 3596 1129 3656 haud
1171 3595 1298 3655 scio
1337 3615 1422 3655 an
1448 3595 1654 3653 minus
1685 3594 1862 3655 vobis
1893 3593 2011 3654 hoc
2050 3596 2168 3655 sim
2214 3594 2599 3671 probaturus:
