2816 4097
246 393 799 457 m.1.c.41³.46‚47.]
1033 397 1126 445 DE
1164 397 1492 447 omi-oms.

250 582 463 624 errore
526 564 831 625 deducere
892 570 1004 626 aut
1064 564 1452 625 inflammare
1515 566 1583 624 in
1645 564 1960 643 improbos
2018 570 2129 625 aut

246 660 589 721 incitatum
626 662 692 721 in
725 662 918 722 bonos
949 662 1273 739 mitigare;
1318 663 1429 741 qui
1459 662 1746 739 denique,
1779 680 2132 740 quemcum-

247 777 375 836 que
405 758 474 817 in
502 758 729 817 animis
768 759 1091 820 hominum
1122 765 1358 819 motum
1390 778 1490 820 res
1521 764 1585 819 et
1613 777 1800 819 causa
1828 760 2124 837 postulet,

246 875 395 916 eum
418 855 681 915 dicendo
702 856 804 915 vel
832 856 1105 916 excitare
1135 857 1337 935 possit
1355 856 1458 916 vel
1487 857 1718 917 sedare.
1792 856 1976 917 Hanc
1998 856 2126 915 vim

246 952 305 1012 si
350 953 493 1030 quis
536 952 865 1014 existimat
908 958 1019 1013 aut
1060 954 1137 1013 ab
1176 954 1285 1029 613,
1318 954 1427 1032 qui
1472 955 1549 1014 de
1593 953 1840 1013 dicendi
1883 954 2126 1013 ratione

247 1050 658 1127 scripserunt,
704 1050 1056 1128 expositam
1106 1068 1241 1111 esse
1296 1057 1408 1111 aut
1451 1070 1488 1111 a
1530 1070 1626 1110 1ne
1670 1068 1854 1129 posse
1895 1052 2126 1128 exponi

242 1153 381 1206 tam
410 1146 605 1221 brevi,
635 1147 1041 1207 vehementer
1068 1152 1235 1207 errat
1262 1166 1465 1225 neque
1495 1148 1699 1208 solum
1726 1147 2128 1208 inscientiam

246 1262 471 1317 meam,
524 1244 635 1303 sed
680 1262 759 1303 ne
810 1244 901 1303 rei
951 1244 1205 1322 quidem
1254 1245 1750 1321 magnitudinem
1802 1245 2121 1322 perspicit.

244 1340 563 1418 Equidem
621 1341 817 1416 vobiS,
862 1341 1159 1420 quoniam
1216 1341 1307 1402 ita
1361 1342 1674 1415 voluistis,
1719 1341 1918 1401 fontis
1962 1343 2127 1401 unde

242 1438 606 1512 hauriretis,
640 1443 827 1515 atque
871 1438 1101 1498 itinera
1140 1438 1280 1515 ipsa
1321 1438 1416 1498 ita
1457 1439 1674 1516 putavi
1717 1457 1855 1498 esse
1881 1439 2128 1498 demon-

244 1536 524 1610 stranda,
557 1554 683 1595 non
712 1541 785 1595 ut
814 1536 949 1613 ipse
980 1536 1109 1595 dux
1140 1554 1358 1610 essem,
1390 1536 1560 1613 quod
1588 1542 1652 1594 et
1680 1534 1999 1595 infinitum
2029 1540 2127 1596 est

242 1638 313 1692 et
363 1651 490 1691 non
535 1633 973 1708 necessarium,
1016 1634 1128 1694 sed
1166 1639 1239 1693 ut
1282 1637 1834 1693 commonstrarem
1876 1636 2124 1692 tantum

243 1729 417 1789 viam
445 1736 529 1803 et,
560 1735 636 1790 ut
661 1730 797 1789 fieri
826 1731 1003 1805 solet,
1035 1730 1307 1807 digitum
1336 1731 1416 1791 ad
1444 1729 1642 1790 fontis
1671 1729 2078 1791 intenderem.

246 1932 505 1987 Scaevola
542 1951 701 1988 seems
736 1934 971 2003 satisfied
1010 1936 1125 1989 with
1164 1936 1301 1988 what
1340 1934 1569 1988 Crassus
1617 1936 1714 1987 has
1751 1937 1885 1988 done
1906 1935 2009 2004 for
2044 1936 2126 1989 the

328 2022 591 2090 quidance
630 2022 701 2092 of
721 2023 800 2075 the
824 2039 1060 2092 yownyer
1094 2040 1209 2076 men
1225 2040 1245 2086 ;
1297 2022 1382 2090 but
1410 2022 1680 2092 Sulpicius
1705 2022 1900 2076 desires
1926 2032 1974 2077 to
1998 2024 2126 2076 hear

328 2127 471 2163 more
495 2111 649 2163 about
684 2111 909 2163 methods
943 2110 1013 2179 of
1035 2112 1204 2179 study.
1284 2109 1512 2162 Crassus
1538 2119 1686 2162 turns
1713 2111 1792 2162 the
1819 2111 2051 2180 question
2073 2120 2124 2164 to

330 2195 563 2264 Antony,
602 2198 712 2250 who
756 2206 990 2250 consents
1027 2206 1075 2250 to
1110 2197 1225 2265 yive
1259 2198 1339 2250 the
1374 2197 1561 2249 results
1597 2198 1668 2267 ο]
1691 2197 1770 2249 his
1808 2197 2128 2250 observatiam

332 2284 444 2336 and
468 2284 785 2353 experience.
864 2283 929 2350 ἐξ
957 2283 1220 2337 204-208.

326 2401 426 2464 47.
474 2403 640 2463 Mihi
670 2423 833 2479 vero,
865 2403 1075 2482 inquit
1104 2402 1372 2477 Mucius,
1394 2403 1551 2462 satis
1583 2421 1892 2480 superque
1923 2404 2032 2463 abs
2061 2408 2126 2463 te

240 2501 504 2560 videtur
545 2501 809 2561 istorum
852 2501 1100 2575 studiis,
1146 2501 1201 2559 si
1245 2500 1429 2559 modo
1472 2504 1623 2559 sunt
1663 2499 1948 2574 studiosi,
1989 2517 2124 2559 esse

240 2598 508 2658 factum.
580 2599 763 2674 Nam,
784 2603 855 2657 ut
887 2597 1206 2658 Socratem
1236 2597 1418 2656 illum
1443 2597 1695 2657 solitum
1717 2596 1896 2657 aiunt
1917 2597 2124 2658 dicere

242 2695 602 2774 perfectum
632 2695 753 2754 sibi
796 2713 954 2772 opus
984 2712 1140 2770 6336,
1172 2694 1227 2753 31
1256 2693 1367 2772 qui
1394 2694 1552 2755 satis
1583 2699 1748 2754 esset
1777 2694 2124 2755 concitatus

241 2792 683 2851 cohortatione
734 2810 848 2852 sua
896 2791 976 2850 ad
1026 2791 1306 2850 studium
1354 2791 1817 2868 cognoscendae
1866 2791 2128 2869 percipi·

242 2888 571 2966 endaeque
612 2888 867 2948 virtutis
885 2910 901 2964 3
944 2888 1172 2966 quibus
1214 2887 1381 2946 enim
1425 2887 1493 2946 id
1535 2906 1900 2965 persuasum
1939 2894 2123 2964 esset,

242 2991 319 3045 ut
360 2986 528 3045 nihil
570 2985 833 3045 mallent
872 3004 1009 3044 esse
1053 3003 1139 3060 se,
1171 3004 1359 3061 quam
1400 2985 1595 3045 bonos
1636 2985 1821 3060 viros,
1853 2986 1946 3046 eis
1989 2986 2127 3045 reli-

244 3102 437 3161 quam
483 3083 736 3142 facilem
782 3101 920 3143 esse
966 3082 1350 3158 doctrinam3
1411 3082 1499 3142 sic
1542 3101 1656 3158 ego
1705 3083 2024 3159 intellege,
2070 3084 2124 3144 si

244 3182 314 3240 in
358 3181 532 3254 haec,
565 3198 724 3257 quae
767 3179 1073 3258 patefecit
1114 3179 1395 3239 oratione
1428 3198 1542 3240 sua
1569 3180 1852 3255 OraSSUS,
1884 3181 2122 3240 intrare

243 3277 597 3352 volueritis,
639 3276 939 3336 facillime
978 3294 1088 3336 vos
1139 3276 1220 3336 ad
1268 3295 1357 3351 ea,
1403 3295 1526 3354 que
1569 3277 1818 3354 cupitiS,
1869 3296 2125 3354 perven-

243 3381 426 3436 turos
468 3375 547 3434 ab
589 3374 707 3433 hoc
750 3373 927 3433 aditu
968 3373 1276 3451 ianuaque
1308 3374 1641 3451 patefacta.
1724 3374 1924 3434 Nobis
1954 3392 2120 3447 ver-0,

245 3473 459 3550 inquit
497 3471 835 3549 SulpiciuS,
863 3471 991 3530 ista
1018 3476 1169 3530 sunt
1211 3477 1501 3547 pergrata
1541 3490 1774 3547 perque
1817 3471 2120 3544 iucunda3

246 3570 360 3631 sed
409 3587 613 3648 pauca
657 3567 850 3628 etiam
894 3567 1271 3644 requirimus
1321 3567 1390 3626 in
1437 3567 1783 3644 primisque
1827 3585 1916 3640 ea,
1960 3585 2121 3644 quae

2182 378 2268 445 59

2171 3385 2259 3430 205
