2816 4097
241 406 347 451 Lm.
372 406 411 452 1.
435 406 564 453 cn.
590 406 663 463 37,
682 405 773 465 aa]
1010 406 1101 453 nr:
1142 405 1471 455 oRAroRE.
2153 388 2242 452 49

238 592 403 633 meae
454 574 744 634 voluistis
808 593 946 635 esse
1009 574 1368 653 participeS,
1421 573 1583 634 nihil
1647 573 1972 635 occultabo
2021 578 2103 648 et,

238 672 437 749 quoad
498 677 733 748 potem,
784 669 961 732 vobis
1026 691 1333 751 exponam
1398 672 1554 749 quid
1613 673 1690 731 de
1741 690 1988 749 quaque
2037 690 2104 731 re

240 767 515 828 sentiam.

312 864 407 926 38.
454 865 687 926 Antoni
710 865 1097 927 incredibilis
1122 866 1428 945 quaedam
1453 872 1519 926 et
1549 884 1736 945 prope
1769 865 2104 941 singularis

236 969 299 1021 et
326 962 539 1022 divina
567 962 664 1023 vis
694 962 908 1039 ingeni
940 963 1205 1038 videtur,
1231 963 1482 1023 etiamsi
1511 963 1628 1023 hac
1657 962 1920 1023 scientia
1949 962 2106 1021 iuris

236 1060 467 1119 nudata
510 1060 612 1134 sit,
656 1078 837 1138 posse
881 1078 946 1119 se
998 1060 1185 1119 facile
1237 1061 1460 1120 ceteris
1505 1060 1694 1119 armis
1738 1058 2106 1137 prudentiae

234 1157 396 1216 tueri
450 1162 639 1234 atque
694 1156 1048 1216 defendere.
1135 1158 1552 1228 Quamobrem
1613 1156 1716 1215 hic
1780 1156 1960 1217 nobis
2021 1156 2104 1216 sit

235 1259 559 1331 exceptus3
605 1258 843 1313 ceteros
873 1273 1023 1313 vero
1052 1273 1179 1313 non
1208 1254 1506 1313 dubitabo
1536 1253 1807 1332 primum
1840 1253 2106 1312 inertiae

234 1350 639 1409 condemnare
684 1350 997 1410 sententia
1040 1369 1192 1425 mea,
1237 1356 1380 1428 post
1425 1350 1612 1411 etiam
1655 1349 2101 1427 impudentiae.

233 1448 396 1505 Nam
426 1448 691 1507 volitare
734 1448 801 1505 in
844 1448 999 1522 for0,
1044 1447 1301 1507 haerere
1344 1448 1410 1505 in
1452 1448 1586 1507 iure
1630 1466 1701 1507 ac
1744 1452 2104 1524 praetorum
2157 1459 2241 1505 173
2299 1482 2302 1486 -

232 1544 671 1619 tribunalibuS,
703 1543 935 1604 iudicia
974 1544 1224 1622 privata
1256 1564 1622 1621 magnarum
1665 1562 1873 1603 rerum
1915 1544 2102 1618 obire,

232 1640 297 1700 in
327 1641 553 1718 quibus
582 1660 767 1719 saepe
797 1660 920 1701 non
951 1643 1025 1701 de
1056 1641 1243 1716 factO,
1278 1642 1386 1701 sed
1417 1643 1492 1701 de
1523 1640 1842 1719 aequitate
1872 1659 1942 1700 ac
1971 1641 2106 1700 iure

231 1742 520 1812 certetur,
552 1738 781 1797 iactare
814 1757 879 1797 se
909 1739 973 1796 in
1011 1738 1214 1799 causis
1257 1738 1836 1812 centumviralibus,
1868 1737 1936 1797 in
1977 1738 2107 1815 qui-

231 1835 345 1894 bus
361 1835 827 1913 usucapionum,
840 1836 1201 1910 tutelarum,
1218 1834 2104 1922 gentilitatum,pagnationum,

230 1932 651 2006 adluvionum,
677 1933 1254 2007 circumluvionum,
1280 1951 1600 2007 nexorum,
1633 1932 2104 2009 mancipiorum,

226 2029 555 2107 parietum,
629 2029 951 2104 luminum,
1028 2029 1512 2104 stillicidiorum,
1584 2033 2104 2090 testamentorum

226 2132 559 2203 ruptorum
597 2132 708 2186 aut
744 2131 1035 2201 ratorum,
1068 2132 1538 2204 ceterarumque
1572 2145 1782 2186 rerum
1824 2126 2101 2185 innume-

225 2223 523 2282 rabilium
546 2223 685 2282 iura
710 2207 1061 2296 versentur,
1087 2243 1228 2284 cum
1253 2224 1524 2298 omninO,
1550 2223 1704 2300 quid
1724 2242 1924 2297 suum,
1951 2222 2104 2300 quid

223 2319 523 2394 alienum,
554 2339 748 2398 quare
790 2320 1057 2398 denique
1102 2321 1259 2380 civis
1301 2326 1414 2380 aut
1458 2320 1839 2398 peregrinuS,
1885 2338 2106 2378 servus

222 2421 341 2476 aut
376 2416 533 2476 liber
572 2417 886 2494 quispiam
917 2417 1019 2491 sit,
1051 2417 1313 2494 ignoret,
1344 2416 1612 2493 insignis
1651 2422 1746 2476 est
1788 2416 2106 2493 impuden-

219 2513 372 2572 tiae.
460 2513 583 2572 Illa
605 2533 753 2572 vero
776 2513 1115 2573 deridenda
1136 2514 1508 2590 adrogantia
1529 2520 1642 2588 est,
1668 2513 1736 2572 in
1757 2513 2101 2572 minoribus
2155 2525 2240 2571 174

218 2609 501 2686 navigiis
545 2610 763 2670 rudem
812 2629 950 2670 esse
1002 2629 1067 2670 se
1118 2610 1417 2686 confiteri,
1465 2611 1943 2688 quinqueremes
1995 2614 2103 2668 aut

217 2706 425 2766 etiam
454 2706 715 2766 maiores
746 2708 1088 2783 gubernare
1120 2707 1432 2768 didicisse.
1519 2708 1617 2766 Tu
1655 2706 1812 2766 mihi
1853 2725 1994 2767 cum
2036 2706 2104 2765 in

216 2803 466 2862 circulo
524 2804 835 2881 decipiare
892 2804 1213 2864 adversari
1270 2803 1792 2881 stipulatiuncula
1839 2809 1904 2863 et
1963 2821 2104 2863 cum

215 2899 521 2974 obsignes
552 2901 817 2961 tabellas
846 2900 1095 2961 clientis
1126 2901 1239 2975 tui,
1270 2900 1499 2978 quibus
1529 2901 1597 2959 in
1623 2900 1872 2960 tabellis
1911 2900 1979 2959 id
2021 2900 2107 2960 sit

214 2997 553 3075 scriptum,
600 3017 723 3075 quo
774 2998 883 3057 ille
933 2998 1234 3075 capiatur,
1284 3016 1397 3074 ego
1447 2997 1567 3056 tibi
1619 2997 1808 3057 ullam
1855 3015 2106 3057 causam

212 3094 532 3172 maiorem
575 3094 1089 3154 committendam
1130 3099 1345 3171 putem
1368 3096 1400 3152 ’Β
1485 3093 1692 3155 Citius
1735 3094 1986 3154 hercule
2029 3094 2104 3167 is,

213 3192 341 3268 qui
371 3192 651 3250 ,duorum
680 3192 1052 3252 scalmorum
1080 3191 1438 3251 naviculam
1466 3190 1534 3250 in
1567 3197 1754 3268 portu
1787 3191 2104 3265 everterit,

211 3290 290 3347 in
346 3288 597 3348 Euxino
646 3293 837 3365 ponto
887 3289 1394 3366 Argonautarum
1449 3306 1673 3348 navem
1725 3287 2104 3364 gubernarit.

210 3384 397 3456 Quid
418 3387 448 3443 ’.Ρ
507 3385 564 3444 si
604 3403 683 3444 ne
727 3403 953 3461 parvae
997 3385 1249 3463 quidem
1293 3404 1514 3446 causae
1558 3391 1723 3459 sunt,
1767 3386 1877 3445 sed
1920 3403 2103 3461 saepe
2156 3395 2240 3440 175

209 3481 555 3553 maximae,
589 3481 655 3538 in
686 3482 911 3556 quibus
940 3487 1212 3542 certatur
1251 3484 1326 3542 de
1366 3482 1501 3541 iure
1545 3481 1736 3556 civili,
1767 3482 1936 3558 quod
1976 3486 2107 3541 tan-

210 3580 373 3638 dem
417 3597 487 3637 os
531 3583 628 3637 est
673 3576 807 3636 eius
849 3579 1099 3654 patroni
1134 3579 1242 3655 qui
1277 3579 1358 3637 ad
1392 3596 1497 3636 eas
1539 3595 1755 3636 causas
1800 3577 1935 3636 sine
1977 3575 2109 3636 ulla
