2816 4097
602 348 688 414 68

1258 368 1329 413 M.
1367 364 1567 417 'rum
1605 367 1956 417 monachus
2155 367 2293 428 [Lm.
2317 367 2356 415 1.
2379 368 2492 417 cn.
2510 364 2570 415 53.

736 537 835 596 sui
882 536 952 606 Q.
1004 534 1317 613 pupillum
1366 536 1568 595 filium
1617 536 1751 614 ipse
1801 556 1997 615 paene
2045 538 2114 596 in
2160 556 2406 597 umeros
2454 556 2575 597 suos

733 632 1085 707 extulisset,
1130 632 1241 710 qui
1273 633 1485 711 patris
1527 634 1862 693 clarissimi
1911 633 2340 720 recordatione
2381 639 2442 693 et
2479 653 2578 692 me-

734 730 933 789 moria
979 729 1201 789 fletum
1261 730 1494 808 populo
1553 737 1850 805 moveret,
1903 737 1968 790 et
2017 732 2171 791 duos
2235 730 2399 791 filios
2457 749 2579 790 suos

735 846 959 904 parvos
1003 827 1241 886 tutelae
1283 827 1504 904 populi
1544 829 2043 887 commendasset
2070 846 2142 887 ac
2170 846 2255 902 se,
2287 834 2580 905 tamquam

737 925 805 982 in
852 924 1177 1000 procinctu
1223 930 1676 984 testamentum
1728 924 1966 985 faceret
2017 926 2153 985 sine
2209 925 2377 985 libra
2419 930 2582 1001 atque

734 1021 987 1096 tabulis,
1019 1022 1322 1099 populum
1358 1022 1707 1081 Romanum
1745 1026 2020 1082 tutorem
2062 1022 2397 1081 instituere
2425 1020 2586 1080 dixis-

736 1123 833 1177 set
876 1118 1129 1178 illorum
1172 1118 1448 1178 orbitati.
1537 1118 1762 1196 Itaque
1806 1138 1949 1179 cum
1978 1124 2042 1178 et
2077 1118 2320 1178 invidia
2363 1124 2426 1178 et
2465 1116 2587 1176 odio

736 1215 952 1291 populi
993 1220 1131 1274 tum
1175 1215 1379 1275 Galba
1419 1221 1824 1291 premeretur,
1870 1216 2043 1275 hisce
2085 1235 2229 1275 eum
2271 1213 2587 1292 tragoediis

673 1388 689 1403 ι
735 1311 1071 1371 liberatum
1101 1311 1373 1387 ferebat3
1413 1313 1579 1389 quod
1607 1312 1761 1371 item
1784 1312 1951 1388 apud
1975 1313 2278 1372 Catonem
2306 1312 2590 1389 scriptum

603 2683 692 2728 230

736 1427 873 1468 esse
903 1409 1104 1483 vide0,
1136 1408 1296 1468 nisi
1333 1409 1600 1486 pueris
1641 1415 1714 1469 et
1757 1410 2112 1470 lacrimis
2151 1426 2340 1469 usus
2388 1413 2588 1479 esset,

737 1524 1030 1583 poenas
1094 1525 1257 1564 eum
1321 1507 1685 1566 daturum
1741 1506 2014 1566 fuisse.
2101 1508 2279 1565 Haec
2329 1503 2593 1564 Rutilius

737 1603 919 1661 valde
983 1603 1383 1680 vituperabat
1445 1609 1510 1662 et
1579 1602 1723 1663 huie
1795 1603 2144 1662 humilitati
2204 1602 2456 1662 dicebat
2513 1599 2593 1658 vel

737 1700 1029 1759 exsilium
1077 1700 1276 1760 fuisse
1322 1701 1424 1759 vel
1476 1706 1736 1759 mortem
1789 1701 2304 1777 anteponendam.
2396 1700 2596 1775 Neque

737 1814 884 1856 vero
943 1796 1060 1855 hoc
1120 1797 1324 1856 solu'm
1374 1797 1556 1872 dixit,
1609 1798 1719 1857 sed
1777 1798 1911 1875 ipse
1961 1804 2026 1857 et
2076 1798 2275 1857 sensit
2327 1803 2396 1856 et
2445 1795 2593 1853 fecit.

738 1894 903 1952 Nam
942 1913 1083 1953 cum
1118 1899 1284 1953 esset
1319 1894 1428 1952 ille
1459 1894 1557 1952 vir
1587 1894 1962 1972 exemplum,
1993 1899 2065 1953 ut
2094 1894 2290 1968 scitis,
2321 1894 2600 1952 innocen-

738 1991 864 2050 tiae
908 2009 1171 2069 cumque
1214 1990 1325 2051 illo
1356 2008 1538 2051 nemo
1569 2010 1772 2070 neque
1813 1991 2118 2068 integrior
2147 1996 2315 2052 esset
2363 1992 2434 2050 in
2468 1988 2598 2050 civi-

738 2093 871 2147 tate
899 2107 1099 2165 neque
1137 2088 1425 2162 sanctior,
1457 2108 1584 2148 non
1613 2090 1797 2148 modo
1824 2089 2094 2166 supplex
2137 2087 2457 2148 iudicibus
2487 2104 2601 2147 esse

738 2184 958 2260 noluit,
1006 2186 1115 2245 sed
1158 2205 1235 2244 ne
1278 2185 1558 2245 ornatius
1604 2185 1856 2262 quidem
1899 2191 2008 2245 aut
2057 2185 2318 2245 liberius
2368 2202 2600 2245 causam

739 2283 864 2342 dici
928 2302 1123 2358 suam,
1190 2301 1379 2359 quam
1441 2283 1710 2360 simplex
1775 2283 1936 2342 ratio
1999 2282 2288 2342 veritatis
2357 2282 2601 2343 ferebat.

738 2381 1007 2439 Paulum
1071 2379 1219 2440 huic
1282 2380 1504 2440 Cottae
1567 2380 1790 2440 tribuit
1851 2380 2144 2458 partium,
2197 2378 2602 2440 disertissimo

738 2476 1145 2551 adulescenti,
1200 2477 1429 2536 sororis
1496 2495 1642 2536 suae
1692 2475 1845 2537 filio.
1927 2477 2110 2536 Dixit
2158 2477 2312 2536 item
2371 2493 2605 2536 causam

740 2575 915 2633 illam
958 2575 1227 2652 quadam
1271 2591 1349 2632 ex
1391 2580 1568 2650 parte
1617 2574 1688 2644 Q.
1735 2574 2002 2648 Mucius,
2049 2593 2217 2634 more
2263 2593 2403 2649 su0,
2450 2571 2604 2631 nullo

740 2677 1062 2748 apparatu,
1100 2689 1253 2748 pure
1298 2676 1362 2730 et
1404 2671 1694 2730 dilucide.
1783 2671 2018 2740 Quodsi
2058 2676 2131 2730 tu
2171 2677 2343 2744 tunc,
2380 2671 2606 2738 Crasse,

740 2768 1029 2841 dixisseS,
1074 2768 1184 2845 qui
1226 2768 1576 2828 subsidium
1619 2768 1848 2827 oratori
1893 2787 1970 2825 ex
2011 2766 2142 2826 illis
2178 2764 2606 2844 disputationi-

740 2865 873 2938 bus,
927 2863 1152 2941 quibus
1201 2864 1561 2942 philosophi
1611 2870 1895 2938 utuntur,
1944 2864 2024 2923 ad
2071 2864 2323 2924 dicendi
2377 2863 2608 2942 copiam

742 2961 1081 3038 petendum
1122 2979 1258 3021 esse
1302 2962 1490 3038 paulo
1532 2968 1677 3021 ante
1721 2961 2003 3036 dicebas3
2051 2966 2132 3035 et,
2165 2961 2219 3020 si
2249 2961 2375 3020 tibi
2408 2980 2522 3039 pro
2548 2959 2605 3016 P.

742 3057 987 3116 Rutilio
1032 3076 1156 3116 non
1202 3057 1720 3135 philosophorum
1763 3076 1953 3131 more,
2000 3058 2109 3116 sed
2164 3063 2275 3117 tuo
2331 3057 2610 3116 licuisset

741 3154 964 3228 dicere,
996 3154 1282 3232 quamvis
1314 3155 1603 3214 scelerati
1636 3155 1733 3213 illi
1778 3155 2069 3228 fuissent,
2103 3154 2291 3214 sicuti
2337 3155 2607 3224 fuerunt,

744 3251 1034 3328 pestiferi
1103 3251 1270 3310 cives
1336 3252 1768 3330 supplicioque
1833 3252 2027 3328 digni,
2090 3257 2302 3310 tamen
2369 3267 2610 3310 omnem

742 3366 955 3407 eorum
984 3347 1526 3424 importunitatem
1557 3368 1634 3407 ex
1668 3348 1910 3407 intimis
1947 3348 2263 3408 mentibus
2292 3348 2609 3408 evellisset

738 3446 835 3505 vis
879 3444 1179 3504 orationis
1223 3450 1404 3520 tuae3
1450 3464 1615 3504 nunc
1657 3445 1807 3504 talis
1853 3445 1950 3504 vir
1992 3445 2258 3504 amissus
2301 3451 2426 3518 est,
2475 3445 2608 3503 dum

739 3561 928 3602 causa
963 3541 1057 3601 ita
1088 3540 1338 3615 dicitur,
1368 3547 1443 3600 ut
1485 3542 1539 3600 si
1583 3542 1649 3599 in
1690 3541 1805 3600 illa
1845 3541 2279 3601 commenticia
2317 3539 2605 3602 Platonis
