2816 4097
223 402 340 451 Lm.
364 405 401 450 Ι.
425 402 553 451 ΟΜ».
572 405 645 460 28,
668 401 757 463 29.]
989 402 1080 449 DE
1120 398 1448 449 ORATORE.

224 590 607 631 summorum
662 575 941 630 actorum
1007 576 1105 629 est
1168 568 1596 647 requirendus.
1685 566 2098 637 Quamobrem

224 668 387 728 nihil
450 668 515 726 in
580 667 899 727 hominum
967 684 1189 743 genere
1253 665 1456 724 rarius
1521 665 1800 741 perfecto
1856 669 2100 723 oratore

225 765 495 825 inveniri
546 770 768 842 potest.
854 763 1025 833 Quae
1080 762 1249 821 enim
1299 761 1686 836 singularum
1747 779 1953 821 rerum
2010 779 2099 819 ar-

224 862 429 922 tifices
456 861 706 938 singula
746 862 801 919 si
843 859 1239 919 mediocriter
1281 859 1496 936 adepti
1541 863 1706 932 sunt,
1738 858 2096 935 probantur,

227 979 301 1018 ea
349 958 475 1018 nisi
516 958 725 1017 omnia
766 975 1009 1016 summa
1058 962 1207 1016 sunt
1257 956 1325 1014 in
1372 960 1635 1029 oratore,
1681 954 1924 1032 probari
1974 972 2100 1013 non

232 1060 455 1132 potest.

316 1149 477 1207 Tum
525 1150 803 1223 CrassuS,
846 1149 1021 1226 atqui
1070 1149 1228 1221 vide,
1275 1146 1500 1223 inquit,
1543 1147 1611 1206 in
1658 1148 1924 1207 artificio
1969 1166 2100 1224 per-

233 1262 421 1319 quam
462 1243 638 1301 tenui
680 1248 748 1302 et
790 1243 914 1302 levi
960 1250 1195 1320 quanto
1243 1243 1387 1320 plus
1434 1244 1804 1304 adhibeatur
1849 1245 2105 1319 diligen-

230 1341 377 1414 tiae,
409 1359 598 1417 quam
640 1340 704 1398 iu
755 1340 871 1399 hac
919 1359 1000 1414 re,
1042 1360 1230 1417 quam
1280 1346 1526 1400 constat
1570 1360 1704 1401 esse
1749 1342 2100 1400 maximam.

234 1438 429 1514 Saepe
476 1438 638 1496 enim
688 1437 856 1497 soleo
898 1437 1113 1497 audire
1160 1437 1478 1510 Roscium,
1510 1456 1650 1497 cum
1691 1438 1782 1497 ita
1820 1438 2006 1512 dicat,
2037 1458 2102 1497 se

232 1535 434 1594 adhuc
482 1535 755 1611 reperire
804 1533 1202 1612 discipulum,
1253 1553 1440 1612 quem
1492 1536 1743 1612 quidem
1793 1536 2100 1612 probaret,

234 1631 514 1708 potuisse
559 1632 888 1705 neminem,
928 1648 1049 1690 non
1092 1651 1216 1709 quo
1259 1651 1385 1691 non
1421 1639 1632 1692 essent
1670 1633 1925 1711 quidam
1969 1653 2104 1710 pro-

233 1728 489 1802 babileS,
521 1729 631 1787 sed
678 1729 841 1806 quia,
872 1728 927 1787 si
968 1729 1209 1807 aliquid
1252 1731 1435 1788 modo
1467 1737 1633 1791 esset
1663 1731 1797 1804 viti,
1831 1731 1894 1790 id
1938 1731 2102 1791 ferre

234 1824 367 1901 ipse
397 1844 518 1883 non
552 1832 775 1903 posset.
862 1826 1043 1885 Nihil
1074 1833 1169 1887 est
1200 1827 1367 1886 6111111
1396 1834 1528 1886 tam
1558 1827 1801 1903 insigne
1832 1846 1946 1887 nec
1974 1834 2104 1887 tam

234 1923 314 1982 ad
354 1924 837 1982 diuturnitatem
880 1924 1213 1983 memoriae
1260 1924 1502 1999 stabile,
1537 1944 1723 2002 quam
1763 1926 1846 2000 id,
1879 1926 1943 1985 in
1981 1946 2103 2003 quo

230 2020 473 2098 aliquid
501 2020 854 2081 offenderis
943 2021 1169 2099 Itaque
1198 2027 1271 2081 ut
1310 2022 1386 2081 ad
1427 2022 1588 2082 hanc
1621 2023 2100 2083 similitudinem

232 2117 419 2178 huius
468 2119 797 2178 histrionis
845 2119 1181 2178 oratoriam
1236 2119 1486 2178 laudem
1533 2120 1894 2194 dirigamuS,
1943 2120 2106 2178 vide-

233 2215 399 2273 tisne
430 2233 614 2291 quam
658 2214 817 2272 nihil
862 2214 941 2273 ab
982 2232 1055 2273 eo
1098 2215 1224 2273 nisi
1270 2215 1569 2291 perfecte,
1602 2215 1764 2274 nihil
1803 2215 1926 2274 nisi
1965 2234 2106 2274 cum

238 2329 481 2368 summa
506 2316 835 2369 venustate
871 2310 998 2382 fiat,
1029 2310 1155 2368 nisi
1187 2311 1294 2383 ita,
1325 2317 1396 2369 ut
1432 2312 1649 2371 deceat
1678 2317 1740 2369 et
1769 2311 1865 2369 uti
1892 2330 2104 2370 omnes

237 2412 484 2466 moveat
513 2412 699 2482 atque
730 2405 997 2464 delectet
1021 2407 1051 2463 ?
1140 2407 1365 2482 Itaque
1414 2407 1528 2465 hoc
1559 2407 1684 2464 iam
1713 2407 1821 2465 diu
1850 2413 1947 2466 est
1975 2426 2111 2466 con-

238 2510 509 2577 secutuS,
540 2509 627 2576 ut,
661 2502 725 2560 in
769 2524 892 2581 quo
937 2507 1205 2584 quisque
1250 2503 1514 2562 artificio
1559 2503 1913 2577 excelleret,
1945 2503 2000 2562 is
2043 2504 2110 2562 in

236 2621 349 2662 suo
400 2622 624 2679 genere
678 2605 939 2663 Roscius
986 2603 1314 2663 diceretur.
1403 2601 1584 2659 Hanc
1629 2619 1741 2676 ego
1779 2601 2110 2660 absolutio-

235 2721 378 2760 nem
436 2701 1007 2779 perfectionemque
1058 2701 1121 2758 in
1175 2705 1419 2759 oratore
1473 2697 1851 2771 desideranS,
1900 2717 1938 2757 a
1985 2719 2110 2776 qua

239 2797 373 2874 ipse
414 2798 595 2881 longe
626 2800 863 2872 absum,
896 2797 1061 2858 facio
1106 2796 1538 2874 impudenter-3
1583 2795 1737 2853 mihi
1769 2795 1935 2854 enim
1965 2797 2107 2856 volo

237 2895 493 2969 ignosci,
554 2896 778 2955 ceteris
840 2896 975 2972 ipse
1040 2915 1164 2953 non
1228 2894 1495 2967 ignosco
1581 2892 1743 2951 Nam
1809 2892 1917 2970 qui
1984 2914 2108 2953 non

240 2998 464 3069 potest,
517 2993 625 3068 qui
677 2993 903 3050 vitiose
956 2991 1128 3065 facit,
1181 3008 1365 3067 quem
1420 2988 1686 3066 denique
1736 3009 1864 3050 non
1911 2991 2104 3064 decet,

240 3089 420 3162 hunc,
443 3094 514 3147 ut
544 3088 919 3166 Apollonius
951 3088 1219 3161 iubebat,
1242 3087 1320 3146 ad
1350 3087 1432 3160 id,
1453 3088 1618 3164 quod
1649 3088 1856 3148 facere
1887 3089 2106 3166 possit,

240 3184 697 3243 detrudendum
730 3191 897 3261 puto,

320 3279 416 3341 29.
462 3282 631 3338 Num
676 3287 748 3340 tu
789 3281 1000 3356 igitur,
1033 3280 1242 3358 inquit
1286 3281 1617 3358 Sulpicius,
1650 3302 1746 3342 me
1791 3287 1901 3342 aut
1942 3283 2110 3342 hunc

242 3377 491 3437 Cottam
527 3377 625 3437 ius
666 3377 849 3437 civile
892 3384 1003 3437 aut
1045 3397 1176 3438 rem
1218 3379 1556 3438 militarem
1599 3379 1775 3439 iubes
1819 3378 2057 3438 discere
2079 3382 2110 3438 ?

240 3473 405 3533 Nam
449 3474 588 3550 quis
631 3475 708 3533 ad
750 3474 873 3534 ista
915 3495 1157 3534 summa
1199 3482 1385 3553 atque
1427 3477 1489 3534 in
1527 3476 1696 3535 omni
1727 3494 1952 3550 genere
1982 3495 2112 3551 per-

241 3571 411 3630 fecta
452 3577 659 3648 potest
701 3572 1024 3648 pervenire
1046 3575 1076 3632 ¹?
1160 3575 1319 3632 Tum
1362 3573 1490 3646 ille,
1522 3590 1634 3648 ego
1673 3590 1839 3645 vero,
1884 3571 2108 3646 inquit,

2147 378 2228 445 37

2151 1160 2236 1205 129

2154 2034 2239 2080 130

2160 3295 2242 3340 131
