2816 4097
266 389 387 435 Lm.
412 387 451 433 1.
475 388 605 435 CAR.
622 388 698 445 42,
718 384 810 446 43.]
1046 386 1137 432 DE
1178 384 1506 433 ORATORE.

265 554 606 630 habebitis,
657 553 857 631 magis
908 570 1199 630 magnam
1248 558 1438 631 atque
1483 553 1754 626 uberem,
1799 569 1987 628 quam
2029 547 2148 609 dif-

266 653 504 712 ficilem
559 656 626 713 et
678 651 1021 712 obscuram.
1120 651 1333 727 Atque
1404 650 1645 710 interea
1711 655 1973 723 tamen„
1998 646 2151 706 dum

266 750 445 825 haec,
484 766 644 827 quae
686 747 971 825 dispersa
1014 754 1177 822 sunt,
1222 754 1540 824 cogantur,
1573 748 1672 806 vel
1717 745 1953 823 passim
1996 744 2148 803 licet

266 852 635 925 carpentem
662 850 727 905 et
755 845 1155 923 colligentem
1197 844 1476 922 undique
1511 844 1740 922 repleri
1781 843 1950 903 iusta
1990 841 2148 901 iuris

267 944 483 1004 civilis
514 943 792 1004 scientia.

350 1040 451 1101 43.
504 1042 733 1100 Nonne
788 1040 1019 1101 videtis
1077 1040 1351 1118 equitem
1414 1040 1784 1113 Romanum,
1831 1036 2146 1098 hominem

268 1138 641 1199 acutissimo
672 1137 952 1197 omnium
994 1137 1263 1214 ingeni0,
1296 1138 1406 1197 sed
1450 1136 1708 1195 minime
1743 1133 1966 1211 ceteris
2009 1133 2151 1193 arti-

267 1237 389 1295 bus
434 1234 771 1308 eruditum,
808 1235 873 1296 G.
906 1235 1307 1309 Aculeonem,
1353 1234 1466 1312 qui
1507 1252 1748 1294 mecum
1790 1232 1954 1292 vivit
1995 1250 2149 1291 sem·

268 1350 512 1411 perque
541 1332 722 1406 vixit,
754 1332 846 1391 ita
886 1337 1100 1392 tenere
1143 1332 1241 1391 ius
1285 1331 1490 1406 civile,
1521 1336 1593 1390 ut
1621 1330 1698 1405 ei,
1731 1348 1870 1390 cum
1913 1329 1991 1388 ab
2032 1328 2148 1387 hoc

270 1428 713 1503 discesseritis,
745 1448 925 1489 nemo
968 1430 1045 1489 de
1088 1429 1199 1503 eiS,
1231 1429 1341 1506 qui
1383 1428 1752 1507 peritissimi
1789 1432 1953 1501 sunt,
1984 1431 2152 1487 ante-

269 1529 595 1605 ponatur?
680 1526 907 1586 Omnia
936 1531 1083 1586 sunt
1112 1526 1279 1586 enim
1309 1525 1518 1603 posita
1545 1531 1687 1586 ante
1719 1525 1948 1598 ocuIOS,
1968 1523 2150 1583 collo·

270 1629 421 1684 cata
447 1623 516 1682 in
545 1643 665 1683 usu
694 1623 1025 1698 cotidiano,
1048 1624 1116 1683 in
1143 1622 1580 1699 congressione
1610 1621 1931 1683 hominum
1963 1627 2150 1699 atque

272 1722 346 1779 in
398 1720 572 1795 for03
634 1739 837 1797 neque
887 1720 982 1780 ita
1028 1720 1247 1781 multis
1292 1720 1526 1780 litteris
1577 1725 1687 1780 aut
1726 1718 2150 1785 voluminibus

272 1817 525 1895 magnis
560 1816 973 1876 continentur.
1046 1817 1283 1877 Eadem
1314 1817 1481 1876 enim
1510 1818 1677 1877 elata
1705 1821 1851 1876 sunt
1878 1815 2151 1893 primum

274 1935 317 1975 a
344 1914 659 1992 pluribus3
704 1913 929 1973 deinde
958 1914 1172 1992 paucis
1195 1914 1404 1974 verbis
1435 1914 1834 1973 commutatis
1864 1913 2052 1972 etiam
2075 1913 2155 1972 ab

274 2012 519 2073 eisdem
549 2010 959 2088 scriptoribus
992 2011 1229 2090 scripta
1257 2016 1404 2072 sunt
1437 2012 1702 2090 saepius,

362 2109 625 2169 Accedit
657 2127 821 2182 vero,
858 2128 981 2186 quo
1025 2109 1275 2169 facilius
1320 2109 1560 2186 percipi
1602 2109 2015 2186 cognoscique
2057 2108 2154 2168 ius

272 2206 469 2267 civile
499 2206 715 2283 possit,
750 2207 915 2284 quod
962 2205 1219 2265 minime
1250 2207 1533 2284 plerique
1564 2206 1965 2280 arbitrantur,
1997 2205 2156 2264 inira

274 2304 591 2381 quaedam
619 2303 683 2361 in
713 2303 1136 2380 cognoscendo
1168 2303 1446 2362 suavitas
1472 2309 1533 2362 et
1555 2302 1904 2362 delectatio.
1970 2302 2154 2375 Nam,

274 2400 420 2476 sive
449 2418 633 2477 quem
678 2401 830 2459 haec
860 2399 1124 2459 Aeliana
1156 2399 1367 2459 studia
1394 2398 1724 2470 delectant,
1759 2398 2030 2475 plurima
2057 2403 2156 2457 est

274 2501 349 2555 et
377 2495 446 2553 in
474 2496 643 2555 omni
685 2497 819 2556 iure
848 2496 1022 2556 civili
1052 2502 1115 2556 et
1143 2495 1209 2554 in
1241 2494 1608 2574 pontificum
1651 2494 1830 2555 libris
1861 2501 1924 2554 et
1954 2495 2020 2553 in
2050 2513 2154 2553 ΧΠ

272 2592 517 2653 tabulis
546 2593 947 2671 antiquitatis
993 2592 1245 2670 effigieS,
1277 2593 1447 2670 quod
1489 2597 1552 2652 et
1592 2592 1922 2651 verborum
1952 2597 2157 2652 vetus-

272 2695 381 2750 tas
428 2689 634 2766 prisca
674 2690 1071 2765 cognoscitur
1112 2695 1177 2750 et
1219 2690 1530 2750 actionum
1586 2707 1811 2766 genera
1851 2688 2156 2766 quaedam

276 2786 591 2846 maiorum
646 2787 1158 2847 consuetudinem
1215 2786 1536 2864 vitamque
1595 2787 1949 2861 declarant3
2022 2786 2155 2846 sive

274 2883 428 2961 quis
483 2883 733 2943 civilem
791 2883 1119 2944 scientiam
1169 2889 1582 2958 consectatur,
1627 2902 1814 2961 quam
1862 2884 2160 2944 Scaevola

274 2999 410 3040 non
462 2986 643 3056 putat
692 2980 954 3040 oratoris
1006 2999 1142 3041 esse
1188 2980 1521 3058 propriam,
1569 2981 1678 3040 sed
1719 2981 2040 3040 cuiusdam
2081 3000 2160 3041 ex

274 3080 411 3140 alio
454 3097 679 3156 genere
723 3078 1109 3156 prudentiae,
1140 3082 1339 3138 totam
1384 3078 1563 3152 hanc,
1595 3078 1926 3154 descriptis
1969 3079 2160 3138 omni-

275 3179 399 3238 bus
432 3176 711 3237 civitatis
742 3175 1125 3236 utilitatibus
1170 3194 1241 3235 ac
1284 3175 1587 3254 partibus,
1619 3193 1724 3233 ΧΠ
1762 3175 1994 3234 tabulis
2023 3194 2160 3235 con-

274 3273 476 3335 tineri
506 3273 777 3348 videbit3
823 3273 956 3332 sive
989 3291 1175 3350 quem
1205 3278 1578 3350 praepotens
1622 3271 1748 3331 ista
1787 3278 1850 3331 et
1891 3272 2162 3347 gloriosa

276 3370 687 3450 philosophia
706 3369 1075 3430 delectat—
1092 3369 1295 3428 dicam
1319 3370 1615 3430 audacius
1630 3404 1725 3443 —,
1759 3368 1944 3428 hosce
1973 3363 2160 3428 habet

278 3469 483 3530 fontis
514 3467 793 3526 omnium
822 3466 1323 3544 disputationum
1354 3486 1623 3540 suarum,
1656 3466 1764 3543 qui
1809 3464 1944 3524 iure
1987 3463 2162 3524 civili

281 3571 349 3634 et
392 3563 639 3651 legibus
682 3563 1095 3631 continentur.
1182 3564 1283 3630 Ex
1322 3563 1427 3631 hig
1471 3564 1638 3628 enim
1679 3568 1744 3626 et
1789 3561 2161 3646 dignitatem

2197 360 2282 427 55

2197 657 2282 703 191

2200 1534 2285 1580 192

2203 2121 2289 2166 193

2211 3573 2296 3624 194
