2816 4097
269 376 389 423 Lm.
412 376 453 423 1.
476 375 609 424 CAP-
630 377 706 433 52;
728 375 825 435 53.]
1053 376 1143 423 DE
1183 375 1511 425 ORATORE.

269 543 515 623 pleri3
579 543 835 605 nolite
885 545 1148 605 sinere
1196 565 1335 607 nos
1399 546 1762 624 cuiquam
1825 545 2152 620 servire,

266 642 437 701 nisi
495 642 718 702 vobis
775 642 1198 718 universis,
1258 643 1542 721 quibus
1601 649 1678 703 et
1739 661 2155 721 possumus

266 745 351 800 et
393 740 777 800 debemus.
864 739 1107 801 Omitto
1149 741 1339 801 mise
1355 741 1530 817 riaS,
1562 739 1630 800 in
1672 741 1920 819 quibus,
1951 746 2026 801 ut
2053 739 2152 799 illi

264 838 472 911 aiunt,
504 837 605 895 vir
642 837 828 897 fortis
863 856 999 897 esse
1036 858 1159 898 non
1201 844 1412 916 potest
1432 861 1446 914 ;
1489 840 1713 898 omitto
1758 840 1789 898 f
1797 858 1890 899 au
1902 838 2034 913 cis,
2074 856 2153 896 ex

265 934 503 1013 quibus
562 940 627 994 te
676 934 835 1012 eripi
879 935 994 1010 viS,
1040 954 1118 995 ne
1178 936 1410 995 iudicio
1471 936 1688 1014 iniquo
1749 936 2154 997 exsorbeatur

266 1032 529 1108 sanguis
573 1038 737 1107 tuus„
783 1032 951 1109 quod
1011 1032 1283 1110 sapienti
1332 1039 1565 1108 negant
1609 1034 1888 1093 accidere
1931 1050 2112 1109 posse
2134 1054 2146 1089 :

263 1148 301 1189 s
318 1148 351 1188 e
366 1149 397 1186 r
412 1129 575 1187 vire
615 1147 764 1188 vero
802 1148 930 1188 non
968 1130 1152 1189 modo
1180 1136 1261 1205 te,
1294 1130 1406 1190 sed
1443 1130 1808 1191 universum
1845 1135 2148 1202 senatum,

263 1226 451 1285 cuius
480 1231 617 1285 tum
644 1245 897 1286 causam
925 1227 1170 1302 agebas,
1202 1245 1391 1287 ausus
1423 1245 1491 1287 es
1519 1228 1722 1286 dicere
1741 1230 1771 1286 ?
1852 1228 2152 1285 Potestne

264 1324 499 1398 virtus,
544 1324 785 1398 Crasse,
832 1323 1066 1383 servire
1126 1323 1268 1383 istis
1327 1324 1704 1398 auctoribus,
1757 1341 2022 1401 quorum
2079 1328 2152 1381 tu

266 1425 611 1499 praecepta
666 1420 933 1481 oratoris
992 1421 1295 1481 facultate
1345 1420 1776 1498 complecteris
1794 1422 1824 1479 ⁶?
1886 1438 2044 1497 quae
2087 1424 2154 1477 et
2177 1404 2194 1419 ⁸

267 1536 522 1595 semper
571 1522 634 1577 et
684 1518 819 1578 sola
868 1518 1067 1578 libera
1110 1524 1207 1578 est
1256 1536 1556 1595 quaeque,
1599 1517 1846 1577 etiamsi
1896 1534 2153 1594 corpora

266 1620 462 1693 capta
490 1614 618 1675 sint
656 1615 845 1674 armis
883 1621 993 1675 aut
1028 1615 1368 1674 constricta
1396 1614 1685 1689 vinculiS,
1717 1620 1930 1674 tamen
1970 1632 2151 1672 suum

266 1713 375 1772 ius
397 1718 589 1789 atque
612 1713 889 1772 omnium
919 1732 1129 1771 rerum
1158 1712 1533 1789 impunitam
1561 1712 1917 1772 libertatem
1939 1717 2150 1771 tenere

266 1810 516 1869 debeat.
600 1809 771 1879 Quae
799 1828 947 1869 vero
978 1809 1298 1884 addidisti,
1332 1828 1458 1868 non
1486 1810 1670 1868 modo
1707 1815 1992 1869 senatum
2033 1827 2154 1868 ser-

243 1906 411 1989 -vire
450 1924 680 1984 posse
723 1906 972 1983 popu10,
1005 1905 1115 1965 sed
1142 1906 1332 1966 etiam
1377 1907 1671 1982 debere,
1704 1906 1845 1984 quis
1875 1906 1992 1965 hoc
2019 1905 2153 1983 phi-

268 2004 575 2082 losophus
618 2009 750 2064 tam
794 2003 1024 2079 mollis,
1068 2008 1196 2064 tam
1242 2004 1595 2082 languidus,
1627 2010 1759 2064 tam
1797 2008 2148 2077 enervatuS,

267 2108 408 2160 tam
448 2101 657 2161 omnia
692 2101 773 2161 ad
815 2102 1208 2179 voluptatem
1250 2102 1525 2180 corporis
1570 2102 1969 2178 doloremque
2000 2100 2153 2159 refe-

268 2217 419 2257 rens
443 2198 705 2277 probare
733 2204 962 2277 posset,
986 2205 1270 2259 senatum
1294 2200 1529 2259 servire
1559 2199 1810 2276 populO,
1835 2198 1936 2257 cui
1963 2215 2152 2275 popu-

268 2295 376 2354 lus
422 2295 558 2373 ipse
600 2297 964 2356 moderandi
1002 2302 1066 2356 et
1110 2296 1365 2372 regendi
1406 2296 1509 2354 sui
1549 2300 1930 2373 potestatem
1972 2293 2153 2370 quasi

270 2393 582 2470 quasdam
615 2393 885 2460 habenas
922 2392 1291 2452 tradidisset
1313 2393 1344 2450 ?

357 2487 455 2549 53.
502 2490 727 2566 Itaque
769 2491 923 2548 haec
952 2507 1095 2548 cum
1122 2506 1161 2547 a
1188 2493 1251 2546 te
1280 2487 1590 2546 divinitus
1632 2506 1744 2564 ego
1787 2487 1956 2546 dicta
1997 2486 2153 2546 arbi-

270 2592 496 2661 trarer,
516 2587 585 2646 P.
608 2586 890 2646 Rutilius
920 2584 1149 2661 Rufus,
1168 2585 1354 2644 homo
1385 2584 1608 2644 doctus
1627 2590 1690 2643 et
1718 2583 2151 2662 philosophiae

272 2683 548 2758 deditus,
578 2702 705 2742 non
732 2684 915 2743 modo
956 2702 1178 2761 parum
1220 2681 1559 2756 commode,
1591 2680 1702 2740 sed
1740 2680 1931 2740 etiam
1959 2681 2153 2758 turpi-

272 2786 376 2838 ter
406 2784 471 2839 et
497 2777 804 2856 flagitiose
824 2780 995 2839 dicta
1022 2797 1157 2839 esse
1189 2779 1454 2839 dicebat.
1533 2778 1834 2856 Idemque
1864 2777 2152 2837 Servium

274 2875 563 2951 Galbam,
629 2896 812 2952 quem
882 2876 1199 2934 hominem
1269 2877 1459 2953 probe
1522 2875 2020 2935 commeminisse
2085 2894 2150 2935 se

274 2972 505 3047 aiebat,
540 2973 931 3050 pergraviter
973 2972 1427 3050 reprehendere
1471 2972 1730 3047 solebat,
1764 2972 1933 3049 quod
1971 2971 2045 3047 is,
2079 2972 2150 3032 L.

276 3069 604 3129 Scribonio
647 3070 1076 3147 quaestionem
1108 3069 1177 3126 in
1206 3087 1347 3128 eum
1377 3070 1639 3143 ferente,
1671 3069 1891 3148 populi
1917 3069 2154 3128 miseri-

275 3167 555 3226 cordiam
623 3167 1019 3241 concitasset,
1072 3184 1213 3225 cum
1282 3167 1369 3224 M.
1423 3167 1596 3242 Cat0,
1650 3166 1885 3227 Galbae
1943 3167 2150 3243 gravis

274 3269 470 3341 atque
500 3281 638 3322 acer
672 3263 979 3338 inimicuS,
1012 3281 1230 3342 aspere
1260 3264 1430 3340 apud
1468 3264 1771 3340 populum
1800 3264 2153 3323 Romanum

275 3367 344 3420 et
407 3361 810 3420 vehementer
872 3366 1037 3420 esset
1107 3359 1369 3435 locutus,
1429 3379 1618 3437 quam
1674 3359 2019 3419 orationem
2089 3361 2156 3419 in

277 3456 643 3534 Originibus
672 3455 803 3517 suis
832 3456 1127 3535 exposuit
1163 3457 1314 3534 ipse.
1401 3455 1928 3534 Reprehendebat
1958 3457 2156 3532 igitur

278 3554 546 3614 Galbam
588 3551 889 3627 Rutilius,
920 3554 1088 3631 quod
1130 3553 1188 3613 is
1222 3553 1287 3614 C.
1323 3552 1563 3630 Sulpici
1603 3552 1773 3612 Galli
1818 3552 2155 3630 propinqui

2204 354 2287 425 67

2201 2498 2284 2543 227

2203 3469 2290 3514 228
