2816 4097
258 405 379 451 Lm.
400 404 440 450 1.
462 403 590 449 CAP.
610 403 684 460 26,
701 403 791 461 27.]
1046 403 1133 448 DE
1176 402 1500 449 ORATORE.

262 591 461 648 gnum
530 569 781 630 nomine
836 570 1119 644 oratoris,
1177 571 1434 647 dignum
1504 570 1827 630 hominum
1883 569 2138 629 auribus

261 669 505 730 efficere
562 673 751 745 atque
806 667 1007 743 edere,
1066 669 1119 726 is
1176 668 1351 743 mihi,
1408 669 1659 729 etiamsi
1713 673 2138 727 commovetur

262 769 333 827 in
396 765 676 840 dicend0,
734 772 947 824 tamen
1012 765 1343 843 impudens
1406 765 1674 826 videtur.
1761 765 1909 824 Non
1969 765 2135 824 enim

262 863 577 942 pudendO,
619 863 726 921 sed
770 881 895 922 non
943 863 1227 922 faciendo
1280 864 1359 938 id,
1407 865 1574 941 quod
1626 882 1748 922 non
1793 863 1988 937 decet,
2029 863 2138 921 im-

260 961 607 1040 pudentiae
649 979 874 1020 nomen
904 961 1177 1036 effugere
1207 962 1521 1023 debemus.
1605 963 1804 1033 Quem
1831 982 1980 1022 vero
2010 981 2136 1020 non

262 1058 645 1138 pudet—id
684 1059 851 1135 quod
888 1059 953 1116 in
1000 1058 1315 1136 plerisque
1348 1060 1547 1135 video,
1568 1061 1830 1120 —hunc
1870 1079 1982 1136 ego
2010 1079 2137 1118 non

262 1156 754 1235 reprehensione
794 1156 1014 1230 solum,
1046 1158 1159 1217 sed
1196 1153 1395 1216 etiam'
1430 1177 1629 1236 poena
1668 1158 1924 1233 dignum
1967 1163 2133 1234 puto,

260 1256 579 1334 Equidem
630 1262 695 1315 et
743 1256 811 1314 in
852 1256 1030 1316 vobis
1072 1256 1570 1316 animadvertere
1613 1257 1781 1317 soleo
1825 1262 1891 1315 et
1931 1256 1994 1313 in
2038 1273 2136 1313 me

263 1356 406 1432 ipso
438 1353 800 1430 saepissime
830 1354 1134 1431 experior,
1165 1360 1236 1413 ut
1280 1355 1664 1415 exalbescam
1705 1354 1771 1412 in
1811 1352 2139 1430 principiis

260 1451 521 1512 dicendi
562 1457 627 1510 et
666 1455 801 1510 tota
837 1456 1043 1509 mente
1074 1458 1263 1528 atque
1293 1452 1552 1510 artubus
1583 1451 1872 1511 omnibus
1902 1455 2139 1510 contre-

262 1549 543 1608 miscam.
629 1547 1161 1608 Adulescentulus
1191 1567 1339 1607 vero
1368 1550 1460 1608 sic
1499 1548 1683 1607 initio
1723 1547 2138 1608 accusationis

264 1646 662 1705 exanimatus
721 1665 877 1719 sum,
934 1651 1006 1704 ut
1075 1646 1191 1705 hoc
1257 1665 1570 1705 summum
1640 1645 2010 1705 beneficium
2067 1644 2137 1714 Q.

269 1743 551 1803 Maximo
634 1744 973 1817 debuerim,
1044 1744 1215 1822 quod
1282 1745 1578 1806 continuo
1652 1743 1986 1803 consilium
2055 1742 2143 1800 di·

273 1839 533 1914 miserit,
576 1840 764 1900 simul
822 1858 895 1900 ac
948 1860 1046 1900 me
1093 1841 1367 1900 fractum
1411 1861 1481 1902 ac
1524 1841 1925 1902 debilitatum
1968 1847 2141 1900 metu

268 1936 517 1997 viderit.

353 2034 481 2094 Hic
509 2054 723 2096 omnes
751 2035 999 2095 adsensi
1030 2036 1389 2120 significare
1420 2037 1585 2096 inter
1617 2056 1750 2097 sese
1776 2041 1840 2095 et
1867 2034 2141 2112 colloqui

260 2139 627 2209 coeperunt.
713 2134 864 2194 Fuit
922 2134 1090 2192 enim
1141 2133 1443 2194 mirificus
1494 2134 1751 2211 quidam
1801 2135 1867 2192 in
1918 2134 2143 2193 Crasso

264 2232 489 2309 pudor,
515 2230 623 2307 qui
652 2235 861 2289 tamen
892 2250 1018 2290 non
1046 2232 1227 2291 modo
1256 2251 1382 2290 non
1412 2232 1659 2291 obesset
1689 2232 1824 2291 eius
1852 2230 2138 2305 orationi,

267 2328 383 2388 sed
411 2326 603 2387 etiam
630 2328 964 2405 probitatis
994 2328 1530 2387 commendatione
1565 2329 1908 2405 prodesset.

349 2424 447 2485 27.
508 2426 665 2483 Tum
726 2424 1059 2500 Antonius,
1118 2444 1318 2503 saepe,
1377 2431 1452 2484 ut
1513 2424 1687 2499 dicis,
1749 2425 1972 2501 inquit,
2019 2424 2144 2483 ani-

262 2520 601 2594 madverti,
648 2521 889 2596 Crasse,
923 2527 986 2581 et
1025 2527 1089 2581 te
1133 2528 1198 2581 et
1238 2528 1479 2582 ceteros
1523 2528 1799 2582 oratores
1847 2540 2139 2594 summos,

264 2635 646 2695 quamquain
711 2618 831 2678 tibi
894 2638 1005 2696 par
1068 2638 1207 2679 mea
1255 2619 1569 2678 sententia
1617 2637 1797 2678 nemo
1846 2638 2140 2695 umquam

264 2714 419 2789 fuit,
444 2714 511 2772 in
540 2714 785 2774 dicendi
817 2716 1071 2775 exordio
1103 2716 1468 2793 permoveri.
1547 2716 1738 2777 Cuius
1769 2716 2020 2793 quidem
2051 2716 2142 2775 rei

262 2831 416 2872 cum
472 2830 717 2871 causam
773 2832 1153 2890 quaererem,
1200 2814 1499 2890 quidnam
1549 2819 1732 2888 esset,
1780 2833 1903 2889 cur,
1955 2820 2028 2873 ut
2077 2814 2142 2871 in

264 2928 522 2986 quoque
556 2915 797 2969 oratore
843 2910 1181 2988 plurimum
1211 2918 1395 2986 esset,
1431 2912 1523 2971 ita
1551 2912 1819 2971 maxime
1861 2912 1914 2971 is
1958 2912 2145 2989 perti-

263 3012 591 3081 mesceret,
624 3007 738 3067 has
782 3026 999 3067 causas
1047 3007 1442 3069 inveniebam
1485 3010 1673 3069 duas:
1726 3028 1932 3083 unam,
1978 3009 2146 3086 quod

263 3102 711 3180 intellegerent
754 3105 827 3179 ei,
868 3125 1021 3182 quos
1060 3124 1213 3165 usus
1252 3124 1321 3165 ac
1359 3114 1587 3166 natura
1624 3106 1958 3181 docuisset,
2000 3126 2147 3165 non-

262 3220 614 3278 numquam
657 3202 919 3261 summis
963 3203 1311 3262 oratoribus
1354 3223 1478 3262 non
1521 3204 1676 3263 satis
1715 3221 1792 3262 ex
1832 3204 2146 3263 sententia

263 3303 567 3359 eventum
598 3298 844 3357 dicendi
875 3301 1238 3376 procedere3
1284 3300 1374 3360 ita
1403 3321 1530 3360 non
1559 3301 1804 3376 iniuria,
1838 3301 2148 3378 quotiens-

264 3414 539 3471 cumque
570 3395 867 3470 dicerent,
900 3395 982 3470 id,
1017 3397 1185 3474 quod
1222 3398 1559 3475 aliquando
1597 3403 1809 3475 posset
1847 3397 2142 3471 accidere,

263 3512 347 3552 ne
389 3497 528 3552 tum
576 3492 903 3566 accideret,
946 3494 1182 3553 timere.
1268 3495 1492 3555 Altera
1541 3501 1637 3555 est
1687 3494 1856 3569 haec,
1901 3495 1977 3552 de
2021 3511 2145 3569 qua

264 3588 452 3668 queri
505 3605 690 3665 saepe
734 3587 920 3663 sole0,
966 3591 1135 3667 quod
1183 3596 1534 3651 ceterarum
1581 3589 1866 3648 homines
1913 3589 2142 3647 artium

2189 382 2270 447 35

2186 973 2271 1017 121

2191 2045 2276 2091 122

2193 2728 2280 2772 123

2195 3505 2280 3549 124
