2816 4097
277 399 392 445 Lm.
417 400 454 446 1.
479 398 612 447 cu.
635 400 678 454 2,
703 396 770 459 3.]
1053 400 1142 447 nr:
1183 399 1513 450 oRAroRE.
2258 379 2297 446 3

282 586 416 628 esse
473 567 680 627 visum
735 572 834 627 est
891 568 1044 645 quid
1100 575 1282 646 esset,
1342 590 1453 631 cur
1509 570 1723 649 plures
1778 570 1848 630 in
1902 568 2194 631 omnibus

281 664 540 739 artibuS‚
599 683 787 741 quam
857 665 925 723 111
995 666 1257 727 dicendo
1315 668 1713 729 admirabiles
1773 668 2187 728 exstitissent.

280 762 446 821 Nam
476 780 868 839 quocumque
905 769 971 822 te
1000 762 1209 823 animo
1253 770 1318 824 et
1359 765 1742 843 cogitatione
1788 764 2189 838 converteriS,

283 858 628 937 permultos
671 845 1036 920 excellentis
1081 860 1148 919 in
1191 880 1437 940 quoque
1496 880 1718 939 genere
1766 861 2008 921 videbis
2065 879 2192 920 non

282 955 689 1014 mediocrium
713 954 961 1030 artium,
987 957 1096 1016 sed
1122 976 1314 1035 prope
1338 958 1771 1019 maximarum.
1848 959 2003 1030 Quis
2026 958 2189 1017 enim
2266 971 2292 1015 7

285 1057 399 1125 est,
444 1052 570 1127 qui,
617 1052 672 1110 si
729 1052 1038 1133 clarorum
1093 1054 1419 1115 hominum
1464 1056 1795 1117 scientiam
1845 1075 2051 1116 rerum
2098 1074 2194 1131 ge-

287 1154 524 1208 starum
556 1147 656 1207 vel
697 1148 977 1208 utilitate
1006 1149 1109 1209 vel
1145 1152 1575 1226 magnitudine
1622 1153 1833 1214 metiri
1864 1153 2035 1227 velit,
2066 1171 2193 1211 non

284 1250 626 1322 anteponat
669 1245 900 1304 oratori
945 1246 1384 1324 imperatorem
1406 1251 1439 1308 ?
1526 1249 1677 1321 Quis
1708 1256 1919 1310 autem
1947 1250 2195 1309 dubitet

282 1344 436 1422 quin
480 1343 630 1403 belli
672 1344 862 1403 duces
906 1345 1484 1421 praestantissimos
1514 1366 1591 1406 ex
1634 1348 1751 1407 hac
1780 1365 1906 1406 una
1934 1346 2191 1406 civitate

281 1458 480 1519 paene
526 1439 1022 1515 innumerabilis,
1053 1440 1121 1498 111
1151 1441 1413 1501 dicendo
1446 1449 1658 1504 autem
1689 1442 2057 1504 excellentis
2084 1443 2194 1502 vix

283 1561 512 1620 paucos
542 1543 824 1621 proferre
853 1542 1164 1620 possimus
1183 1544 1215 1601 ⁴?
1298 1542 1436 1601 Iam
1468 1559 1615 1601 vero
1645 1540 1906 1601 consilio
1935 1558 2005 1600 ac
2036 1540 2195 1617 sapi·
2268 1556 2294 1597 8

282 1640 457 1698 entia
483 1639 593 1716 qui
638 1658 848 1715 regere
894 1657 964 1698 ac
1008 1638 1350 1714 gubernare
1394 1658 1525 1699 rem
1570 1638 1884 1715 publicam
1914 1643 2189 1715 possent,

284 1735 470 1795 multi
528 1741 757 1811 nostra,
817 1735 1028 1813 plures
1092 1742 1341 1815 patrum
1396 1736 1696 1796 memoria
1752 1742 1943 1814 atque
1999 1735 2191 1795 etiam

283 1832 585 1892 maiorum
617 1832 1013 1907 exstiterunt,
1040 1852 1179 1893 cum
1210 1833 1358 1893 boni
1387 1834 1611 1911 perdiu
1643 1833 1820 1906 nulli,
1844 1832 1949 1891 vix
1980 1838 2190 1892 autem

283 1929 548 2007 singulis
594 1930 904 1991 aetatibus
952 1931 1187 2009 singuli
1231 1931 1589 1991 tolerabiles
1634 1936 1911 1991 oratores
1956 1930 2190 1988 inveni·
2270 1924 2275 1937 '

281 2032 512 2086 rentur.
600 2028 694 2088 Ac
722 2047 800 2088 ne
833 2028 942 2106 qui
971 2029 1136 2089 forte
1167 2047 1308 2090 cum
1339 2028 1481 2089 aliis
1514 2028 1759 2102 studiis»,
1792 2046 1950 2105 quae
1987 2044 2193 2086 recon-

279 2124 433 2184 ditis
477 2125 544 2183 in
585 2125 826 2186 artibus
855 2133 1046 2204 atque
1087 2127 1154 2184 in
1197 2126 1467 2204 quadam
1498 2126 1805 2185 varietate
1834 2125 2190 2184 litterarum

281 2227 626 2296 versentur,
673 2223 870 2298 magis
928 2223 1089 2282 hanc
1134 2223 1382 2282 dicendi
1433 2223 1758 2308 rationem,
1806 2240 1993 2298 quam
2050 2239 2189 2278 cum

282 2315 680 2393 imperatoris
736 2318 920 2377 laude
965 2324 1074 2377 aut
1117 2337 1259 2376 cum
1314 2318 1463 2376 boni
1508 2318 1813 2376 senatoris
1859 2317 2194 2393 prudentia

284 2413 762 2490 comparandam
791 2418 992 2491 putet,
1025 2413 1134 2490 qui
1163 2419 1487 2473 convertat
1516 2413 1795 2472 animum
1824 2414 1904 2472 ad
1944 2430 2018 2470 ea
2056 2412 2195 2487 ipsa

283 2508 518 2569 artium
561 2527 788 2585 genera
816 2509 1417 2587 circumspiciatque,
1452 2509 1562 2586 qui
1605 2509 1673 2567 111
1715 2509 1806 2568 eis
1849 2508 2194 2568 floruerunt

283 2625 475 2685 quam
491 2606 679 2666 multi
709 2606 853 2682 sint,
877 2606 1179 2666 facillime
1209 2610 1446 2684 quanta
1475 2612 1792 2666 oratorum
1815 2605 1900 2666 sit
1928 2623 2191 2683 semper—

283 2723 405 2782 que
435 2704 628 2764 fuerit
659 2705 944 2782 paucitas
979 2704 1303 2765 iudicabit.

365 2799 420 2861 3.
432 2801 687 2879 Neque
715 2802 882 2860 enim
911 2802 974 2860 te
1005 2801 1176 2879 fugit
1213 2801 1495 2862 omnium
1538 2801 1929 2860 laudatarum
1960 2801 2191 2861 artium
2263 2817 2293 2860 9

284 2898 760 2976 procreatricem
791 2899 1132 2996 quandam
1136 2903 1199 2961 et
1229 2897 1411 2976 quasi
1452 2900 1777 2985 parentem
1819 2917 1970 2974 eam,
2003 2917 2190 2977 quam
2232 2901 2237 2908 “

285 2999 642 3071 φιλοσοφίαν
685 2995 909 3056 Graeci
967 3001 1210 3074 vocant,
1257 2995 1335 3054 ab
1390 2994 1750 3054 hominibus
1810 2995 2190 3056 doctissimis

283 3083 582 3166 iudicari;
656 3091 722 3150 in
779 3111 904 3170 qua
959 3075 1211 3151 difficile
1268 3098 1365 3152 est
1436 3109 1797 3152 enumerare
1860 3099 2015 3170 quot
2070 3094 2194 3152 viri

285 3195 522 3266 quanta
551 3189 816 3248 scientia
857 3193 1218 3278 quantaque
1260 3189 1327 3248 in
1369 3190 1499 3250 suis
1537 3189 1762 3250 studiis
1795 3191 2100 3251 varietate
2130 3198 2193 3250 et

284 3285 464 3363 copia
507 3285 762 3360 fuerint,
795 3286 905 3362 qui
933 3287 1066 3345 non'
1088 3305 1214 3346 una
1241 3286 1454 3364 aliqua
1496 3287 1563 3347 in
1586 3305 1668 3347 ·1·e
1704 3287 2039 3365 separatim
2075 3287 2194 3347 ela-

283 3381 583 3456 borarint,
605 3381 726 3441 sed
755 3379 980 3458 omnia,
1011 3382 1437 3462 'quaecumque
1465 3389 1741 3464 possent,
1762 3384 1865 3444 vel
1896 3374 2191 3444 scientiae

285 3465 817 3558 pervestigatione
855 3480 961 3540 vel
1018 3481 1369 3542 disserendi
1428 3483 1671 3560 ratione
1716 3481 2194 3558 comprehende-

284 3577 430 3636 rint.
531 3575 684 3648 Quis
754 3561 1011 3654 ignorat*
1055 3578 1131 3654 ei,
1191 3564 1301 3657 qui
1370 3575 1803 3639 mathematici
1871 3582 2187 3646 vocantur,
2238 3588 2293 3631 10
