2816 4097
238 394 351 439 Lm.
376 394 413 439 1.
438 392 569 439 οη.
592 394 665 447 20,
690 390 785 451 21.]
1018 391 1109 437 mr
1151 389 1481 437 canona.
2165 370 2246 436 27

235 578 347 635 ego
376 559 643 619 alterum
672 558 769 617 illi
809 557 997 618 facile
1033 557 1446 631 adsentiebar,
1480 556 1642 615 nihil
1685 575 1784 616 me
1827 555 2142 629 didicisse,

234 657 300 715 in
324 657 520 717 altero
543 662 754 715 autem
783 675 883 714 me
914 654 1115 714 inludi
1145 655 1223 714 ab
1245 673 1317 713 eo
1340 659 1451 714 aut
1478 654 1672 714 etiam
1700 653 1908 731 ipsum
1937 672 2143 713 errare

234 754 595 813 arbitrabar.
682 753 903 811 Artem
936 770 1083 811 vero
1113 751 1383 826 negabat
1413 770 1551 811 esse
1579 750 1795 825 ullam,
1827 750 1955 810 nisi
1982 768 2141 828 quae
2185 762 2246 807 92

233 850 501 927 cognitis
524 850 903 928 penitusque
928 848 1273 926 perspectis
1304 854 1368 907 et
1395 848 1466 907 in
1485 867 1684 907 unum
1711 846 1954 907 exitum
1977 866 2143 925 spec·

232 947 514 1007 tantibus
558 952 621 1006 et
663 964 1003 1023 numquam
1048 945 1420 1005 fallentibus
1467 946 1650 1004 rebus
1693 944 2137 1004 contineretur.

237 1045 412 1103 Haec
455 1048 665 1101 autem
708 1042 935 1117 omnia,
981 1061 1141 1119 quae
1183 1047 1610 1117 tractarentur
1651 1042 1730 1101 ab
1771 1041 2139 1116 oratoribuS,

236 1140 427 1201 dubia
464 1158 598 1200 esse
634 1144 697 1199 et
733 1139 974 1199 incerta
993 1162 1007 1213 ;
1066 1138 1363 1217 quoniam
1408 1146 1472 1197 et
1515 1139 1871 1197 dicerentur
1913 1138 1991 1197 ab
2032 1138 2140 1213 eis,

235 1238 345 1315 qui
374 1236 583 1295 omnia
610 1255 683 1296 ea
710 1254 835 1295 non
863 1236 1045 1312 plane
1076 1242 1385 1309 tenerent,
1420 1241 1483 1295 et
1511 1234 1878 1294 audirentur
1911 1234 1988 1293 ab
2032 1235 2141 1308 eiS,

232 1335 460 1413 quibus
483 1353 609 1394 non
639 1332 903 1392 scientia
924 1338 1090 1393 esset
1118 1332 1444 1407 tradenda,
1471 1333 1579 1392 scd
1609 1331 1820 1405 exigui
1841 1332 2142 1407 temporis

230 1436 343 1491 aut
370 1432 535 1491 falsa
573 1436 683 1490 aut
717 1436 887 1489 certe
930 1429 1195 1490 obscura
1233 1429 1462 1508 opinio.
1548 1428 1713 1498 Quid
1755 1427 2009 1487 multa?
2051 1427 2142 1487 sic
2186 1441 2245 1486 93
2279 1444 2289 1455 ·

229 1529 389 1588 mihi
409 1534 547 1587 tum
577 1528 953 1605 persuadere
984 1526 1314 1587 videbatur
1342 1544 1546 1603 neque
1575 1523 1914 1596 artificium
1941 1525 2140 1583 ullum

230 1644 370 1686 esse
400 1625 649 1685 dicendi
677 1643 881 1702 neque
903 1644 1277 1702 quemquam
1302 1642 1502 1701 posse,
1528 1622 1654 1683 nisi
1684 1622 1794 1699 qui
1825 1622 1950 1696 illa,
1983 1640 2141 1700 quae

230 1723 313 1781 ab
360 1722 741 1782 doctissimis
787 1722 1147 1783 hominibus
1197 1721 1265 1780 in
1316 1720 1720 1798 philosophia
1766 1718 2138 1794 dicerentur,

230 1824 575 1895 cognosset,
616 1824 726 1878 aut
762 1819 987 1878 callide
1030 1824 1139 1877 aut
1181 1818 1432 1896 copiose
1477 1818 1698 1878 dicere.
1789 1818 1867 1897 In
1909 1816 2140 1894 quibus

228 1916 611 1977 Charmadas
635 1917 875 1976 solebat
905 1916 1225 1993 ingenium
1248 1922 1446 1989 tuum,
1475 1916 1712 1989 Crasse,
1734 1913 2140 1973 vehementer

224 2014 555 2075 admirari:
602 2034 699 2073 me
724 2013 845 2074 sibi
868 2014 1234 2092 perfacilem
1262 2014 1330 2073 in
1352 2012 1681 2087 audiendo,
1706 2017 1771 2072 te
1796 2029 2140 2089 perpugna-

223 2131 360 2171 cem
390 2113 456 2171 in
485 2112 865 2190 disputando
895 2131 1031 2172 esse
1062 2113 1283 2172 visum.

306 2209 399 2268 21.
445 2209 669 2286 Itaque
698 2227 815 2284 ego
843 2209 960 2266 hac
988 2209 1203 2267 eadem
1234 2207 1528 2284 opinione
1565 2206 1870 2265 adductus
1915 2203 2140 2280 scripsi
2183 2217 2242 2262 94

226 2303 421 2362 etiam
462 2304 620 2362 illud
662 2305 931 2380 quodam
975 2304 1042 2361 in
1085 2304 1317 2376 libello,
1351 2302 1462 2378 qui
1503 2321 1602 2360 me
1637 2301 2036 2376 imprudente
2077 2306 2140 2358 et

225 2400 433 2459 invito
463 2399 698 2458 excidit
727 2404 793 2457 et
823 2399 1111 2474 pervenit
1140 2400 1207 2457 in
1236 2416 1460 2456 manus
1495 2396 1838 2469 hominum,
1871 2396 2139 2454 disertos

224 2515 526 2573 cognosse
570 2515 668 2554 me
711 2495 1069 2569 nonnullos,
1115 2495 1512 2572 eloquentem
1557 2493 1762 2551 adhuc
1804 2491 2138 2566 neminem,

222 2595 396 2673 quod
425 2613 565 2653 eum
602 2592 958 2653 statuebam
996 2592 1321 2665 disertum,
1355 2589 1466 2668 qui
1507 2593 1721 2666 posset
1763 2588 1921 2648 satis
1959 2594 2138 2648 acute

220 2697 416 2769 atque
458 2690 731 2750 dilucide
770 2691 944 2767 apud
991 2687 1323 2748 mediocris
1373 2687 1658 2746 homines
1703 2705 1781 2744 ex
1825 2687 2137 2744 communi

218 2789 494 2866 quadam
534 2787 830 2864 opinione
879 2786 1202 2846 hominum
1251 2785 1506 2859 dicere,-
1521 2783 1918 2860 eloquentem
1969 2802 2134 2858 vere,

217 2885 333 2963 qui
376 2884 729 2944 mirabilius
771 2889 837 2943 et
877 2882 1380 2960 magnificentius
1425 2899 1650 2958 augere
1694 2886 2137 2969 posset-*atque

216 3001 442 3042 ornare
483 3001 641 3058 quae
686 2981 883 3040 vellet
911 2981 1236 3058 omnisque
1277 2979 1558 3038 omnium
1601 2997 1824 3053 rerum,¹
1857 2998 2016 3056 quae
2057 2981 2137 3038 ad

212 3079 558 3139 dicendum
603 3077 1009 3154 pertinerent,
1048 3077 1245 3136 fontis
1291 3076 1500 3135 animo
1543 3094 1614 3135 ac
1657 3075 1958 3135 memoria
1999 3096 2137 3135 con-

213 3177 471 3236 tineret.
559 3175 639 3232 Id
666 3174 721 3233 si
761 3180 859 3233 est
894 3172 1146 3233 difficile
1188 3173 1385 3247 nobiS,
1417 3172 1587 3250 quod
1628 3178 1790 3246 ante,
1825 3191 2014 3250 quam
2055 3174 2136 3232 ad

212 3271 593 3333 discendum
620 3269 888 3348 ingressi
912 3289 1142 3345 sumuS,
1167 3271 1489 3330 obruimur
1517 3270 1860 3331 ambitione
1883 3275 1949 3330 et
1977 3271 2132 3343 for0,

214 3371 310 3432 sit
360 3373 573 3426 tamen
620 3367 686 3425 in
735 3386 801 3426 re
852 3367 1128 3444 positum
1184 3374 1373 3445 atque
1429 3374 1672 3427 natura.
1759 3368 1894 3442 Ego
1947 3366 2132 3439 enim,
2179 3378 2238 3423 95

214 3469 530 3547 quantum
586 3483 854 3540 auguror
916 3463 1273 3524 coniectura
1334 3471 1696 3542 quantaque
1759 3462 2014 3538 ingenia
2069 3463 2137 3519 in

212 3561 465 3626 nostris
502 3560 858 3622 hominibus
908 3579 1042 3623 esse
1092 3561 1293 3632 video,
1344 3580 1473 3620 non
1521 3561 1786 3637 despero
1836 3557 1972 3616 fore
2029 3556 2137 3615 ali-
