2816 4097
267 402 394 446 L113.
418 400 459 446 1.
486 399 614 445 CAr.
638 400 712 454 30,
735 397 832 457 31.]
1059 398 1149 443 DE
1189 395 1513 444 ORATORE.

273 568 589 620 Discussion
625 567 695 635 of
719 568 797 619 the
823 567 1015 619 second
1039 565 1297 635 requisite,
1324 565 1418 617 viz.
1450 582 1484 616 a
1504 564 1808 633 passionate
1834 561 2068 614 devotion
2094 570 2142 613 to

355 656 438 707 the
477 664 574 718 art,
603 656 713 707 and
749 653 1072 722 application
1111 654 1165 704 in
1204 654 1283 705 the
1312 652 1529 721 pur-suit
1558 652 1627 721 of
1652 652 1703 703 it.
1783 651 2011 703 Crassus
2044 658 2150 701 out-

355 743 489 795 lines
515 760 550 794 a
574 742 777 795 method
802 742 872 810 .⁰f
884 740 1130 810 traininq.
1206 742 1270 807 ἐξ
1301 738 1557 791 134-159.

352 862 448 923 30.
498 863 657 921 Τ11111
715 862 977 921 Crassus
1048 860 1359 934 adridens,
1419 860 1571 937 quid
1626 877 1858 933 censes,
1917 858 2143 935 inquit,

266 961 476 1033 Cotta,
529 958 652 1017 nisi
703 959 984 1017 studium
1041 963 1106 1016 et
1161 958 1447 1016 ardorem
1504 957 1813 1034 quendam
1868 956 2147 1044 amoris?

265 1057 409 1116 sine
452 1075 576 1133 quo
618 1073 759 1115 cum
801 1056 868 1113 in
909 1055 1043 1114 vita
1075 1054 1238 1113 nihil
1270 1054 1602 1131 quisquam
1644 1053 1978 1130 egregium,
2011 1058 2149 1113 tum

263 1158 442 1213 certe
464 1152 599 1227 hoc,
625 1153 792 1229 quod
821 1158 893 1211 tu
923 1152 1184 1229 expetiS,
1211 1171 1392 1211 nemo
1423 1169 1717 1229 umquam
1748 1151 2143 1228 adsequetur.

261 1252 497 1327 Neque
526 1268 673 1308 vero
703 1268 814 1308 vos
844 1249 924 1307 ad
959 1268 1094 1307 eam
1130 1268 1260 1307 rem
1304 1249 1487 1308 video
1530 1267 1667 1308 esse
1710 1247 2143 1319 cohortandos

263 1365 448 1425 quOS,
496 1365 636 1405 cum
688 1345 846 1403 mihi
896 1364 1142 1422 quoque
1198 1346 1340 1406 sitis
1389 1346 1657 1419 molesti,
1709 1344 1896 1403 nimis
1953 1344 2147 1403 etiam

261 1444 535 1519 flagrare
594 1442 888 1517 intellego
951 1442 1314 1520 cupiditate.
1403 1443 1526 1501 Sed
1591 1443 1871 1519 profecto
1934 1441 2145 1501 studia

263 1539 436 1599 nihil
477 1544 740 1616 prosunt
773 1539 1178 1616 perveniendi
1221 1540 1452 1617 aliquO,
1484 1540 1608 1600 nisi
1651 1540 1827 1612 illud,
1858 1540 2027 1616 quod
2054 1558 2143 1613 e0,

265 1657 397 1714 quo
426 1636 734 1710 intendaS,
761 1637 928 1695 ferat
950 1637 1358 1714 deducatque,
1383 1637 1684 1713 cognoris.
1772 1637 1973 1707 Quare
2002 1656 2146 1714 quo-

269 1734 446 1792 niam
471 1733 628 1792 mihi
657 1733 858 1793 levius
902 1733 1214 1811 quoddam
1255 1753 1413 1794 onus
1455 1733 1779 1811 imponitis
1824 1754 2025 1811 neque
2069 1752 2146 1792 ex

273 1849 376 1889 me
407 1830 481 1889 de
505 1830 771 1890 oratoris
803 1836 955 1904 arte,
989 1832 1097 1890 sed
1128 1831 1204 1889 de
1239 1832 1352 1891 hac
1387 1852 1543 1906 mea,
1575 1832 2144 1909 quantulacumque

267 1934 385 2001 est,
420 1928 720 1987 facultate
751 1928 1072 2005 quaeritis,
1107 1947 1412 2007 exponam
1444 1929 1621 1989 vobis
1664 1948 1790 1988 non
1831 1929 2144 2006 quandam

261 2031 382 2098 aut
402 2024 897 2103 perreconditam
924 2030 1032 2085 aut
1056 2025 1238 2085 valde
1268 2025 1582 2086 difficilem
1614 2031 1724 2086 aut
1754 2025 2143 2102 magnificam

260 2128 381 2183 aut
411 2141 663 2198 gravem
700 2123 1006 2182 rationem
1047 2125 1526 2184 consuetudinis
1570 2143 1761 2198 meae,
1793 2143 1918 2201 qua
1959 2144 2147 2200 quon-

262 2222 415 2280 dam
445 2220 668 2280 solitus
701 2239 837 2280 sum
867 2220 981 2294 uti,
1015 2239 1156 2279 cum
1186 2221 1340 2279 mihi
1377 2221 1446 2279 in
1488 2220 1613 2281 isto
1656 2221 1867 2280 studio
1908 2221 2145 2280 versari

263 2317 657 2377 adulescenti
697 2317 944 2376 licebat.
1031 2319 1192 2376 Tum
1253 2317 1588 2394 Sulpicius,
1625 2318 1677 2377 Ο
1720 2318 1905 2393 diem,
1942 2321 2142 2394 Cotta,

261 2413 468 2488 nobis,
505 2413 732 2491 inquit,
775 2416 1096 2491 optatum!
1181 2413 1360 2484 Quod
1401 2413 1572 2472 enim
1612 2431 1814 2489 neque
1856 2412 2144 2489 precibus

258 2530 567 2588 umquam
595 2529 710 2570 nec
733 2511 1085 2570 insidiando
1114 2529 1228 2570 nec
1253 2509 1633 2588 speculando
1662 2509 1924 2586 adsequi
1947 2508 2142 2586 potui,

258 2614 358 2682 ut,
390 2608 545 2685 quid
588 2608 850 2668 Crassus
880 2614 1091 2684 ageret
1128 2607 1479 2668 meditandi
1518 2612 1627 2666 aut
1660 2606 1909 2666 dicendi
1940 2623 2141 2680 causa,

259 2702 394 2763 non
425 2705 606 2764 modo
632 2705 842 2764 videre
873 2705 1047 2780 mihi,
1073 2705 1182 2765 sed
1211 2724 1289 2764 ex
1319 2704 1454 2763 eius
1487 2703 1789 2781 scriptore
1818 2710 1884 2764 et
1913 2703 2142 2763 lectore

261 2800 531 2878 Diphilo
575 2801 880 2879 suspicari
924 2802 1160 2876 liceret,
1205 2801 1272 2861 id
1317 2820 1499 2878 spero
1549 2820 1659 2860 nos
1704 2819 1841 2860 esse
1884 2802 2143 2878 adeptos

259 2897 601 2976 omniaque
644 2899 768 2958 iam
799 2918 877 2958 ex
916 2900 1070 2976 ipso,
1102 2918 1259 2976 quae
1291 2898 1396 2957 diu
1430 2898 1734 2975 cupimuS,
1766 2899 2138 2975 cognituros

347 2995 443 3056 31.
491 2997 650 3055 Tum
722 2997 1002 3070 Crassus,
1074 2995 1250 3073 atqui
1313 2995 1600 3071 arbitror,
1674 2996 1930 3076 Sulpici,
2002 3015 2141 3056 cum

259 3093 560 3168 audieris,
590 3113 717 3152 non
745 3098 877 3152 tam
906 3099 969 3153 te
1005 3093 1157 3152 haec
1200 3093 1670 3169 admiraturum,
1704 3113 1863 3171 quae
1906 3094 2139 3170 dixere,

258 3208 454 3268 quam
498 3189 1003 3249 existimaturum
1053 3196 1204 3264 tum,
1251 3210 1391 3250 cum
1445 3209 1517 3249 ea
1566 3190 1781 3250 audire
1830 3190 2139 3268 cupiebaS,

256 3305 514 3348 causam
567 3305 680 3346 cur
721 3305 977 3364 cuperes
1027 3307 1152 3345 non
1201 3287 1416 3347 fuisse.
1504 3287 1687 3346 Nihil
1730 3287 1896 3346 enim
1939 3289 2141 3348 dicam

255 3384 677 3458 reconditum,
708 3383 872 3442 nihil
914 3385 1381 3461 exspectatione
1427 3391 1640 3445 vestra
1674 3384 1949 3461 dignum,
1980 3385 2143 3446 nihil

256 3486 376 3542 aut
405 3481 760 3540 inauditum
783 3480 960 3540 vobis
989 3486 1099 3541 aut
1127 3482 1417 3559 cuiquam
1449 3501 1697 3542 novum.
1783 3481 1949 3540 Nam
1980 3482 2143 3557 prin-

255 3577 447 3656 cipi0,
479 3577 547 3636 id
577 3577 745 3655 quod
773 3583 869 3636 est
898 3577 1148 3638 homine
1181 3578 1451 3656 ingenuo
1488 3577 1956 3654 liberaliterque
1999 3577 2143 3636 edu-

2202 377 2288 442 39

2198 870 2284 916 134

2198 1453 2281 1500 135

2193 2333 2278 2377 136

2194 3009 2277 3056 137
