2816 4097
646 916 754 999 Μ.
855 913 1208 998 TULLI
1323 912 1963 1000 CICERONIS

789 1116 985 1218 DE
1092 1115 1803 1220 ORATORE.

298 1506 530 1560 Cicero’s
567 1522 778 1559 reasons
812 1506 914 1575 sor
956 1504 1167 1574 writinq
1214 1505 1295 1557 the
1345 1506 1567 1569 treatise‚
1587 1536 1658 1547 -
1676 1505 1755 1559 lais
1792 1523 1905 1559 own
1941 1506 2205 1577 fondness

375 1592 475 1663 for
526 1594 806 1645 rhetorical
869 1592 1078 1656 stadiae,
1140 1593 1252 1644 and
1312 1592 1392 1645 the
1452 1602 1655 1663 request
1714 1594 1785 1663 os
1838 1594 2075 1658 Quintus,
2124 1594 2204 1647 his

377 1681 592 1734 brother.
675 1681 738 1747 ἐξ
779 1680 895 1731 1-5.

375 1806 428 1865 1.
477 1805 794 1883 Cogitanti
837 1806 993 1865 mihi
1041 1824 1226 1884 saepe
1255 1826 1515 1868 numero
1550 1814 1616 1867 et
1656 1809 1957 1869 memoria
1985 1816 2203 1871 vetera
2277 1824 2302 1869 1

291 1903 605 1981 repetenti
663 1904 941 1980 perbeati
999 1904 1216 1979 fuisse,
1275 1904 1507 1975 Quinte
1572 1906 1787 1981 frater,
1847 1906 1943 1965 illi
2000 1908 2202 1967 videri

289 2000 511 2077 solent,
543 2000 653 2079 qui
695 2001 760 2059 in
804 2002 1043 2079 optima
1085 2020 1152 2062 re
1195 2001 1463 2080 publiea,
1497 2020 1639 2062 eum
1669 2008 1735 2063 et
1768 2003 2110 2066 honoribus
2137 2006 2205 2064 et

289 2117 496 2158 rerum
556 2105 874 2176 gestarum
932 2099 1131 2175 gloria
1186 2099 1499 2173 florerent,
1546 2118 1689 2159 eum
1732 2102 1901 2162 vitae
1948 2121 2203 2162 cursum

287 2203 506 2256 tenere
535 2202 890 2273 potuerunt,
923 2202 996 2255 ut
1027 2195 1126 2255 vel
1156 2196 1225 2253 in
1252 2196 1504 2271 negotio
1539 2197 1674 2256 sine
1705 2199 1982 2274 periculo
2006 2199 2108 2257 vel
2137 2199 2206 2258 in

292 2293 422 2351 otio
465 2311 606 2351 oum
647 2293 956 2366 dignitate
1001 2309 1137 2350 esse
1183 2298 1455 2367 possent.
1546 2293 1641 2351 Ae
1691 2293 1820 2352 fuit
1864 2313 2004 2353 eum
2048 2295 2204 2354 mihi

293 2407 538 2466 quoque
579 2387 834 2445 initium
865 2387 1294 2462 requiescendi
1342 2394 1534 2464 atque
1567 2389 1843 2448 animum
1872 2392 1953 2450 ad
1979 2391 2207 2451 utrius-

291 2504 414 2562 que
444 2490 729 2544 nostrnm
759 2482 1078 2560 praeclara
1111 2483 1319 2542 studia
1353 2484 1670 2543 referendi
1712 2486 1846 2546 fore
1875 2487 2112 2546 iustum
2141 2493 2205 2548 et

291 2601 484 2660 prope
531 2582 608 2641 ab
659 2581 944 2640 omnibus
994 2597 1354 2641 conoessum
1401 2583 1761 2658 arbitrarer,
1808 2584 1864 2644 si
1919 2584 2205 2646 infinitus

289 2679 634 2739 forensium
664 2697 872 2738 rerum
903 2678 1079 2738 labor
1097 2684 1162 2738 et
1193 2679 1558 2740 ambitionis
1590 2681 1909 2759 occupatio
1938 2682 2204 2743 decursu

289 2779 594 2837 honorum
625 2778 812 2837 etiam
847 2780 1074 2840 aetatis
1107 2780 1274 2840 flexu
1307 2780 1715 2842 constitisset.
1800 2781 1997 2851 Quam
2030 2800 2203 2860 spem
2275 2797 2305 2841 2

287 2875 740 2953 eogitationum
771 2882 836 2935 et
867 2877 1270 2938 consiliorum
1303 2897 1583 2938 meorum
1615 2896 1754 2938 oum
1796 2897 2017 2956 graves
2045 2898 2202 2939 com-

287 2973 572 3032 munium
600 2980 956 3050 temporum
986 2981 1122 3034 tum
1154 2977 1315 3036 varii
1361 2977 1562 3037 nostri
1604 2995 1783 3037 oasus
1814 2977 2197 3038 fefellerunt.

287 3071 456 3130 Nam
473 3070 583 3147 qui
600 3071 774 3130 loeus
795 3072 1030 3148 quietis
1054 3079 1116 3132 et
1137 3075 1618 3154 tranquillitatis
1646 3075 2049 3153 plenissimus
2067 3075 2202 3136 fore

287 3167 635 3244 videbatur,
666 3170 732 3229 in
763 3191 835 3230 eo
867 3173 1176 3234 maximae
1210 3176 1407 3236 moles
1439 3175 1867 3236 molestiarum
1898 3179 1963 3233 et
1990 3173 2201 3233 turbu-

287 3265 674 3326 lentissimae
718 3275 1126 3348 tempestates
1173 3273 1572 3348 exstiterunt,
1606 3292 1808 3351 neque
1838 3290 1986 3332 vero
2021 3270 2205 3330 nobis

287 3364 685 3441 cupientibus
729 3373 916 3446 atque
965 3371 1404 3448 exoptantibus
1451 3373 1699 3433 fruetus
1743 3373 1833 3436 oti
1877 3372 2060 3431 datus
2106 3375 2203 3428 est

287 3463 369 3523 ad.
398 3482 503 3525 eas
535 3466 706 3542 artis,
729 3466 955 3544 quibus
980 3485 1017 3526 a
1044 3468 1254 3545 pueris
1287 3469 1487 3528 dediti
1518 3469 1775 3544 fuimuS,
1802 3467 2201 3528 celebrandas

287 3563 454 3621 inter
483 3581 723 3648 nosque
752 3563 1125 3626 recolendas.
1206 3565 1373 3626 Nam
1403 3565 1609 3642 prima
1628 3570 1834 3624 aetate
1864 3563 2199 3624 incidimus
2274 3573 2304 3616 3

1281 3676 1308 3724 1
