2816 4097
566 377 652 446 52
1224 400 1293 447 M.
1330 401 1528 449 TULLI
1569 402 1920 451 01cERON1s
2129 400 2264 463 [Lm.
2288 404 2328 450 1.
2352 403 2480 451 cu.
2497 406 2566 451 40.

703 567 1045 627 dedidisset
1103 586 1368 645 eumque
1424 568 1523 627 illi
1581 588 1708 629 non
1779 571 2161 647 recepissent
2233 577 2568 649 posteaque

702 665 1032 724 Mancinus
1064 666 1319 724 domum
1355 666 1700 726 revenisset
1743 685 1945 744 neque
1974 668 2041 726 in
2070 674 2362 728 senatum
2390 669 2570 729 intro-

703 760 795 819 ire
838 762 1203 837 dubitasset,
1235 763 1310 820 P.
1344 762 1645 838 Rutilius,
1682 765 1765 823 M.
1800 762 1989 839 filius,
2020 765 2310 825 tribunus
2356 766 2569 844 plebiS‚

702 857 887 917 iussit
943 858 1140 933 educi,
1198 859 1366 935 quod
1423 879 1565 919 eum
1634 861 1836 920 civem
1901 867 2159 937 negaret
2216 880 2370 937 esse,
2431 863 2573 940 quia

702 955 1001 1015 memoria
1050 956 1139 1015 sic
1190 961 1383 1015 esset·
1406 946 1741 1033 proditum,
1795 976 1978 1036 quem
2037 964 2216 1037 pater
2267 978 2420 1019 suus
2469 966 2574 1019 aut

700 1052 970 1129 populus
999 1052 1387 1113 vendidisset
1418 1059 1527 1113 aut
1571 1059 1750 1130 pater
1791 1059 2079 1131 patratus
2121 1055 2489 1132 dedidisset,
2519 1056 2574 1115 ei

567 1162 653 1207 182
701 1149 945 1208 nullum
989 1168 1125 1209 esse
1168 1150 1646 1226 postliminium,
1693 1170 1882 1228 quam
1925 1170 2258 1229 possumus
2303 1155 2576 1230 reperire

701 1265 780 1305 ex
807 1248 1095 1307 omnibus
1129 1247 1310 1306 rebus
1354 1246 1650 1307 civilibus
1695 1266 1944 1309 causam
1987 1249 2578 1328 contentionemque

702 1344 1000 1402 maiorem
1029 1362 1218 1420 quam
1246 1344 1323 1402 de
1354 1344 1590 1418 ordine,
1622 1346 1697 1403 de
1726 1345 2001 1420 civitate,
2033 1347 2111 1405 de
2154 1346 2466 1422 libertate,
2505 1348 2576 1407 de

700 1440 907 1518 capite
948 1440 1220 1500 hominis
1263 1441 1626 1515 consularis,
1660 1443 2028 1518 praesertim
2071 1461 2213 1502 cum
2257 1443 2411 1503 haec
2452 1464 2580 1503 non

700 1538 770 1596 in
817 1538 1075 1597 crimine
1120 1538 1350 1616 aliqu0,
1388 1539 1556 1615 quod
1606 1538 1714 1597 ille
1767 1545 1979 1617 posset
2030 1539 2312 1615 infitiari,
2359 1542 2470 1600 sed
2519 1542 2582 1599 in

699 1634 874 1693 civili
903 1634 1037 1694 iure
1068 1634 1440 1694 consisteret
1459 1637 1489 1693 ’.Ρ
1563 1635 1892 1713 Similique
1922 1637 1990 1695 in
2011 1655 2252 1712 genere,
2274 1638 2580 1698 inferiore

702 1732 937 1807 ordine,
963 1732 1017 1791 si
1044 1732 1187 1810 quis
1218 1734 1383 1809 apud
1414 1751 1524 1791 nos
1558 1734 1856 1793 servisset
1885 1752 1962 1792 ex
1992 1735 2222 1811 populo
2252 1734 2582 1795 foederato

704 1846 962 1906 seseque
994 1828 1339 1903 liberasset,
1374 1834 1439 1888 et
1470 1834 1689 1905 postea
1715 1829 1966 1889 domum
2000 1830 2365 1905 revenisset,
2399 1851 2583 1908 quae-

701 1926 894 1985 situm
942 1915 1062 1985 est'
1089 1926 1258 2003 apud
1320 1925 1585 1985 maiores
1634 1932 1900 2000 nostroe,
1954 1946 2100 1985 num
2166 1927 2221 1987 is
2285 1929 2366 1987 ad
2431 1947 2580 1989 suos

701 2022 1089 2100 postliminio
1162 2022 1433 2083 redisset
1493 2027 1557 2082 et
1626 2022 1946 2085 amisisset
2008 2023 2166 2084 hanc
2231 2015 2575 2086 civitatem.

566 2132 651 2179 183
701 2121 911 2190 Quid?
954 2123 1031 2181 de
1058 2121 1372 2195 libertate,
1394 2139 1519 2197 quo
1550 2120 1852 2179 iudicium
1881 2121 2134 2196 gravius
2164 2140 2300 2181 esse
2329 2123 2580 2183 nullum

701 2224 926 2296 potest,
978 2237 1183 2278 nonne
1229 2237 1308 2277 ex
1362 2217 1500 2277 iure
1549 2217 1723 2277 civili
1786 2223 1997 2295 potest
2045 2236 2182 2278 esse
2231 2221 2576 2294 contentiO,

699 2335 839 2376 cum
888 2316 1212 2394 quaeritur
1260 2314 1331 2390 is,
1378 2315 1490 2392 qui
1541 2314 1778 2374 domini
1821 2315 2148 2375 voluntate
2198 2334 2425 2376 census
2475 2317 2577 2391 sit,

698 2414 1077 2474 continuone
1120 2432 1220 2488 an,
1256 2411 1365 2471 ubi
1407 2412 1680 2472 lustrum
1725 2411 1810 2471 sit
1851 2412 2190 2486 conditum,
2235 2412 2398 2472 liber
2441 2414 2528 2474 sit
2548 2416 2578 2472 ?

696 2511 877 2586 Quid,
930 2511 1097 2588 quod
1153 2529 1273 2569 usu
1330 2509 1630 2568 memoria
1688 2513 1942 2585 patrum
1995 2509 2187 2584 venit,
2246 2515 2321 2570 ut
2374 2515 2581 2588 pater-

697 2608 991 2684 familias,
1054 2607 1165 2685 qui
1234 2625 1312 2666 ex
1371 2605 1688 2684 Hispania
1747 2606 2014 2665 Romam
2076 2605 2370 2682 venisset,
2435 2627 2576 2667 cum

696 2723 954 2764 uxorem
984 2709 1435 2782 praegnantem
1472 2703 1532 2762 in
1569 2701 1892 2780 provincia
1920 2702 2282 2779 reliquisset
2313 2689 2581 2764 Romae-

698 2821 817 2880 que
840 2801 1104 2861 alteram
1134 2801 1423 2861 duxisset
1450 2818 1650 2877 neque
1675 2798 1967 2858 nuntium
1988 2799 2182 2876 priori
2206 2801 2577 2874 remisisset,

698 2903 980 2958 mortuus
1036 2902 1201 2957 esset
1258 2898 1560 2957 intestato
1611 2901 1676 2956 et
1726 2915 1805 2954 ex
1851 2901 2118 2973 utraque
2167 2895 2338 2956 filius
2387 2903 2580 2957 natus

696 2999 881 3069 esset,
912 2994 1327 3054 mediocrisne
1356 3013 1454 3053 res
1491 2994 1558 3052 in
1587 2993 2079 3053 controversiam
2121 2993 2394 3053 adducta
2423 3000 2526 3054 est
2549 2995 2580 3052 ?

697 3111 840 3152 cum
883 3097 1284 3170 quaereretur
1326 3092 1402 3150 de
1446 3091 1686 3150 duobus
1736 3089 1966 3149 civium
2015 3090 2344 3168 capitibuS,
2391 3097 2458 3150 et
2499 3091 2582 3148 de

698 3207 907 3266 puer0,
939 3189 1050 3266 qui
1080 3207 1157 3248 ex
1196 3187 1540 3264 posteriore
1569 3191 1754 3246 natus
1785 3192 1937 3261 erat,
1970 3191 2035 3246 et
2064 3186 2139 3245 de
2171 3186 2306 3245 eius
2336 3193 2578 3262 matre3

696 3305 874 3364 quae,
933 3286 987 3345 si
1045 3285 1428 3345 iudicaretur
1485 3284 1670 3342 certis
1729 3283 2103 3362 quibusdam
2158 3283 2388 3360 verbis,
2447 3303 2581 3343 non

696 3383 879 3444 novis
908 3382 1147 3460 nuptiis
1178 3381 1316 3440 fieri
1347 3399 1488 3440 cum
1520 3381 1836 3457 superiore
1867 3380 2226 3455 divortium,
2257 3380 2325 3439 in
2355 3399 2582 3441 concu-

562 3494 648 3540 184
696 3481 879 3542 binae
908 3479 1113 3540 locum
1143 3480 1491 3538 duceretur.
1567 3477 1746 3536 Haec
1772 3476 1968 3552 igitur
1991 3482 2056 3536 et
2084 3476 2309 3536 horum
2339 3477 2584 3538 similia

695 3579 835 3636 iura
882 3595 1031 3636 suae
1076 3573 1355 3634 civitatis
1406 3573 1818 3648 ignorantem,
1871 3578 2148 3632 erectum
2198 3577 2262 3632 et
2313 3573 2576 3648 celsum,
