2816 4097
193 399 298 444 Lm.
319 398 356 443 1.
379 396 509 443 on.
531 397 598 453 ιτ,
626 393 720 455 is]
945 397 1036 443 DE
1075 358 1402 444 omi-olm.
2101 376 2181 440 23

191 564 438 625 dicimus
495 569 605 623 aut
661 562 819 622 scire
877 562 1214 641 potuimUS,
1247 563 1356 640 qui
1414 567 1558 623 ante
1614 563 1693 623 ad
1750 562 2075 639 agendum,

189 682 360 740 quam
395 662 476 722 ad
517 660 1013 747 cognoscendum
1054 660 1376 735 venimus3
1422 679 1577 737 quos
1621 660 1689 719 in
1732 660 1885 732 fore,
1920 675 2075 737 quos

189 761 250 818 in
291 757 642 832 ambitione,
688 776 843 835 quos
887 756 953 815 in
997 774 1062 815 re
1114 756 1379 835 publica,
1425 775 1581 835 quos
1627 757 1691 815 in
1734 758 2076 816 amicorum

188 856 441 933 negotiis
471 874 570 914 res
607 854 746 932 ipsa
772 859 917 913 ante
947 854 1239 928 confecit,
1265 872 1453 932 quam
1483 872 1805 932 possemus
1836 853 2079 931 aliquid

189 954 261 1013 de
301 953 478 1012 rebus
520 951 718 1011 tantis
762 950 1121 1027 suspicari?
1205 951 1384 1022 Quod
1434 950 1489 1009 si
1538 951 1657 1010 tibi
1707 956 1955 1010 tantum
2011 950 2077 1009 in
2123 963 2182 1008 79

190 1050 357 1109 nobis
415 1048 666 1107 videtur
719 1065 871 1120 esse,
918 1047 1144 1123 quibus
1191 1047 1439 1107 etiamsi
1499 1048 1837 1123 ingenium,
1880 1053 1955 1107 ut
2007 1052 2080 1107 tu

189 1152 382 1225 putaS,
412 1164 537 1203 non
582 1143 847 1203 maxime
882 1143 1106 1217 defuit,
1139 1144 1425 1204 doctrina
1457 1150 1625 1205 certe
1669 1150 1732 1204 et
1777 1144 1974 1203 otium
2016 1150 2081 1204 et

186 1241 429 1302 hercule
477 1241 668 1301 etiam
718 1240 994 1300 studium
1039 1240 1200 1299 illud
1243 1241 1524 1300 discendi
1569 1239 1942 1301 acerrimum
1983 1241 2083 1301 de-

184 1340 322 1414 fuit,
365 1337 520 1416 quid
561 1356 795 1411 censes,
843 1338 894 1397 si
939 1338 1020 1396 ad
1062 1337 1328 1396 alicuius
1375 1337 1695 1414 ingenium
1736 1337 1836 1397 vel
1880 1338 2081 1398 maius

183 1437 308 1511 illa,
337 1454 496 1514 quae
539 1454 653 1511 ego
695 1453 820 1494 non
867 1434 1069 1509 attigi,
1103 1434 1496 1509 accesserint,
1527 1434 1778 1514 qualem
1809 1434 1989 1493 illum
2019 1442 2083 1495 et

182 1539 482 1612 quantum
512 1537 824 1591 oratorem
853 1532 1138 1592 futurum
1162 1534 1192 1590 ?

184 1732 398 1801 Antony
407 1732 587 1801 points
605 1740 692 1785 out
701 1731 968 1800 practico!
987 1731 1285 1801 difficulties
1301 1732 1413 1785 and
1426 1733 1506 1785 the
1522 1734 1725 1803 danyer
1743 1735 1866 1798 that,
1884 1734 1939 1786 in
1947 1752 2078 1803 pur-

261 1820 422 1889 suinq
443 1820 569 1871 such
592 1819 804 1885 studies,
825 1819 1059 1887 practice
1080 1820 1253 1873 would
1277 1820 1333 1871 be
1359 1820 1637 1889 neylected.
1713 1820 1801 1873 He
1824 1822 1968 1891 yives
2005 1838 2077 1874 on

261 1915 482 1960 account
501 1907 571 1976 os
578 1924 613 1959 a
631 1906 922 1959 discussion
938 1925 1004 1959 on
1021 1908 1102 1959 the
1118 1907 1264 1977 office
1284 1906 1432 1977 osan
1450 1916 1639 1971 orator,
1667 1909 1786 1961 held
1804 1918 1859 1960 at
1873 1908 2077 1961 Athens

258 1996 474 2048 between
498 2011 635 2048 some
672 1994 893 2047 eminent
923 1995 1283 2064 philosophers
1317 1996 1427 2048 and
1452 1996 1811 2060 rhetoricians,
1839 1994 2005 2066 refers
2030 2005 2079 2047 to

258 2101 291 2137 o
318 2083 444 2136 little
469 2084 672 2136 treatise
693 2082 760 2153 of
772 2083 852 2136 his
879 2101 990 2135 own
1017 2084 1216 2135 written
1242 2091 1296 2135 at
1321 2084 1426 2136 that
1450 2083 1584 2148 time,
1607 2086 1717 2136 and
1736 2101 1856 2151 says
1883 2085 1992 2136 that
2016 2085 2077 2136 he

258 2172 383 2224 does
408 2179 495 2223 not
519 2170 734 2239 despair
759 2169 828 2239 of
851 2171 1071 2238 hear-inq
1097 2171 1176 2222 the
1204 2170 1345 2222 ideal
1371 2178 1562 2222 orator.
1639 2172 1703 2236 ἐξ
1732 2171 1922 2222 80-95.

258 2309 353 2371 18.
399 2314 560 2369 Tum
603 2313 934 2387 Antonius,
965 2315 1187 2390 probas
1220 2312 1394 2386 mihi,
1428 2313 1655 2390 inquit,
1682 2314 1822 2387 ista,
1848 2315 2085 2386 Crasse,
2130 2327 2189 2372 80

173 2426 341 2485 quae
390 2406 566 2480 dicis,
596 2425 711 2466 nec
758 2407 976 2466 dubito
1021 2406 1174 2484 quin
1220 2409 1421 2469 multo
1466 2409 1842 2486 locupletior
1887 2410 1955 2467 in
2000 2410 2084 2468 di-

171 2505 378 2563 cendo
407 2504 662 2562 futurus
693 2503 794 2577 sit,
828 2503 882 2562 si
911 2504 1053 2581 quis
1084 2504 1364 2564 omnium
1394 2524 1599 2566 rerum
1630 2513 1817 2583 atque
1852 2505 2085 2566 artium

168 2601 491 2660 rationem
540 2605 952 2678 naturamque
995 2600 1556 2678 comprehenderit.
1647 2602 1769 2662 Sed
1812 2603 2082 2681 primum
2128 2618 2183 2663 81

167 2699 240 2757 id
294 2697 548 2757 difficile
595 2704 692 2758 est
740 2698 932 2773 factu,
979 2698 1344 2776 praesertim
1397 2698 1466 2757 in
1511 2699 1627 2758 hac
1682 2705 1899 2760 nostra
1952 2701 2084 2761 vita

164 2795 538 2873 nostrisque
575 2796 1118 2874 occupationibus3
1163 2787 1390 2856 dein‘de
1437 2795 1598 2856 illud
1640 2797 1830 2857 etiam
1872 2817 2084 2860 veren-

163 2894 326 2952 dum
361 2899 475 2966 est,
506 2911 584 2952 ne
613 2893 1051 2954 abstrahamur
1078 2893 1157 2953 ab
1191 2893 1307 2952 hac
1348 2893 1795 2956 exercitatione
1841 2901 1904 2955 et
1946 2914 2082 2955 con-

161 2990 511 3050 suetudine
568 2989 817 3049 dicendi
863 2990 1151 3068 populari
1202 2995 1266 3048 et
1321 2990 1580 3052 forensi.
1664 2992 1860 3051 Aliud
1915 2993 2082 3053 enim

159 3087 335 3146 mihi
368 3087 681 3164 quoddam
711 3086 1012 3147 orationis
1043 3105 1240 3164 genus
1262 3105 1398 3148 esse
1428 3088 1681 3150 videtur
1723 3109 1935 3149 eorum
1980 3091 2082 3150 ho-

155 3184 440 3258 minum,
471 3184 548 3242 de
578 3183 805 3261 quibus
834 3183 1023 3261 paulo
1061 3189 1207 3245 ante
1248 3183 1487 3259 dixisti,
1510 3188 1805 3263 quamvis
1851 3188 1948 3247 illi
1992 3208 2081 3249 or·

155 3286 320 3340 nate
353 3286 421 3341 et
449 3280 726 3356 graviter
755 3285 864 3339 aut
894 3281 968 3340 de
999 3287 1224 3341 natura
1265 3301 1470 3342 rerum
1515 3290 1626 3344 aut
1668 3284 1744 3343 de
1787 3284 2079 3345 humanis

154 3378 366 3438 rebus
420 3377 775 3454 loquantur.
861 3377 922 3435 N
929 3377 1154 3437 itidum
1196 3380 1507 3456 quoddam
1551 3400 1749 3457 genus
1800 3387 1896 3440 est
1952 3400 2083 3440 ver-

153 3476 399 3535 borum
445 3480 510 3533 et
552 3473 805 3548 laetum,
847 3480 910 3534 et
959 3475 1305 3552 palaestrae
1355 3477 1557 3552 magis
1605 3483 1671 3536 et
1720 3477 1844 3535 olei
1894 3495 2083 3552 quam

149 3572 367 3632 huius
401 3570 606 3631 civilis
636 3570 857 3638 turbae
885 3589 956 3630 ac
985 3572 1125 3634 fori.
1213 3574 1504 3657 Namque
1535 3579 1797 3653 egomet,
1813 3571 1924 3654 qui
1946 3590 2084 3630 sero
2127 3585 2185 3630 82
