2816 4097
174 332 200 365 b

226 401 694 460 L113.I.CAP.5‚6‚]
992 401 1082 446 Dr:
1123 398 1452 448 onA‘romc.
2190 380 2228 447 7

226 578 382 632 stros
413 577 792 648 ceterosque,
825 588 1093 647 quorum
1135 569 1334 647 gloria
1363 568 1544 629 nobis
1584 573 1648 628 et
1677 567 1955 645 dignitas
1984 584 2128 627 cara

224 675 331 746 est,
361 674 434 729 ut
463 669 672 729 animo
713 669 802 727 rei
844 667 1337 743 magnitudinem
1381 667 1881 743 complectantur
1922 682 2125 742 neque

224 764 308 823 eis
339 768 451 823 aut
486 761 837 839 praeceptis
881 766 991 820 aut
1036 760 1353 837 magistris
1397 767 1508 819 aut
1549 758 2121 831 exercitationibuS,

224 861 444 938 quibus
475 865 742 918 utuntur
770 876 1002 932 omnes,
1033 858 1144 916 sed
1173 857 1314 916 aliis
1347 857 1721 934 quibusdam
1752 874 1817 915 se
1848 855 1929 929 id,
1956 854 2122 932 quod

225 962 543 1034 expetunt,
574 955 869 1031 consequi
901 973 1082 1031 posse
1112 953 1444 1015 confidant.

302 1053 356 1113 6.
402 1053 496 1111 Αο
519 1071 659 1111 mea
687 1052 939 1129 quidem
971 1051 1286 1111 sententia
1314 1070 1496 1110 nemo
1526 1051 1760 1129 poterit
1789 1069 1926 1110 esse
1956 1050 2127 1109 omni
2160 1060 2229 1107 '20

225 1151 408 1210 laude
450 1148 801 1209 cumulatus
847 1155 1072 1222 orator,
1105 1148 1229 1207 nisi
1273 1148 1394 1207 erit
1438 1148 1716 1207 omnium
1758 1166 1963 1207 rerum
2004 1166 2127 1206 ma-

225 1267 486 1325 gnarum
527 1253 716 1323 atque
761 1245 993 1305 artium
1037 1245 1363 1304 scientiam
1399 1249 1785 1306 consecutus.
1872 1244 2120 1304 Etenim

223 1365 298 1404 ex
346 1364 551 1404 rerum
602 1342 960 1419 cognitione
1009 1341 1356 1401 efflorescat
1412 1347 1475 1399 et
1533 1341 1837 1400 redundet
1880 1346 2127 1417 oportet

223 1442 421 1501 oratio
501 1460 696 1519 quae,
699 1439 824 1498 nisi
846 1448 932 1499 est
959 1440 1036 1497 ab
1059 1444 1306 1498 oratore
1331 1458 1427 1497 res
1450 1443 1744 1516 percepta
1767 1445 1832 1497 et
1859 1438 2126 1514 cognita,

223 1539 471 1598 inanem
494 1524 808 1615 quandam
824 1520 1022 1596 habet
1051 1536 1468 1595 elocutionem
1498 1542 1562 1595 et
1588 1554 1781 1613 paene
1804 1530 2135 1626 puerile—m]

223 1638 443 1713 Neque
487 1654 636 1693 vero
679 1654 792 1711 ego
835 1634 951 1693 hoc
989 1640 1239 1693 tantum
1278 1633 1486 1693 oneris
1533 1634 1848 1711 imponam
1892 1634 2125 1693 nostris
2171 1646 2227 1691 21

225 1732 594 1809 praesertim
623 1732 972 1791 oratoribus
1017 1731 1084 1790 in
1125 1731 1240 1791 hac
1282 1737 1463 1791 tanta
1505 1732 1910 1810 occupatione
1952 1732 2123 1793 urbis

223 1849 293 1889 ac
324 1830 509 1904 vitae,
541 1829 702 1888 nihil
731 1835 805 1888 ut
841 1830 931 1889 eis
971 1835 1188 1907 putem
1226 1830 1413 1890 licere
1457 1829 1715 1904 nescire,
1746 1849 2123 1908 quamquam

195 1926 1081 2007 eriaprofessioque
1116 1926 1256 2005 ipsa
1291 1928 1450 1987 bene
1490 1928 1739 1988 dicendi
1779 1927 1897 1988 hoc
1938 1928 2127 1987 susci-

219 2043 366 2102 pere
395 2044 466 2086 ac
501 2024 789 2103 polliceri
830 2024 1100 2100 videtur,
1130 2029 1204 2085 ut
1247 2024 1417 2088 omni
1460 2026 1537 2086 de
1580 2045 1663 2099 re,
1697 2044 2124 2104 quaecumque

219 2123 306 2183 sit
347 2123 686 2200 proposita,
739 2129 958 2182 ornate
999 2123 1080 2182 ab·
1120 2141 1192 2182 eo
1234 2123 1608 2200 copioseque
1654 2123 1914 2182 dicatur.
2004 2123 2128 2181 Sed
2170 2134 2229 2178 22

220 2219 370 2295 quia
397 2238 524 2277 11011
551 2219 770 2278 dubito
811 2239 854 2296 q
922 2239 964 2277 n
1051 2238 1122 2278 00
1165 2219 1484 2296 plerisque
1527 2220 1901 2278 immensum
1945 2218 2147 2277 infini-

220 2321 484 2421 tumque
511 2314 819 2387 videatur,
851 2321 917 2373 et
945 2316 1112 2390 quod
1143 2316 1413 2374 Graecos
1442 2314 1731 2374 homines
1760 2334 1886 2373 11011
1926 2315 2125 2374 solum

163 2455 170 2462 .
220 2409 476 2488 ingenio
521 2415 588 2469 et
636 2410 940 2484 doctrina,
971 2410 1082 2484 sed
1131 2411 1320 2468 etiam
1375 2410 1506 2469 otio
1558 2411 1892 2487 studioque
1943 2411 2129 2470 abun-

187 2507 435 2568 'dantis
507 2505 915 2584 partitionem
981 2507 1294 2584 quandam
1349 2507 1583 2567 artium
1641 2507 1868 2566 fecisse
1927 2507 2126 2579 videO,

163 2590 185 2670 l
218 2623 427 2683 neque
455 2605 522 2664 in
551 2603 846 2663 universo
886 2622 1111 2679 genere
1145 2603 1427 2680 singulos
1473 2605 1839 2679 elaborasse,
1886 2604 1996 2664 sed
2039 2623 2127 2664 se-

218 2703 505 2780 posuisse
552 2721 590 2762 a
644 2700 866 2762 ceteris
923 2701 1306 2761 dictionibus
1365 2721 1502 2760 eam
1561 2709 1803 2780 partem
1859 2702 2122 2776 dicendi,

218 2819 384 2878 quae
405 2799 479 2858 in
501 2798 858 2858 forensibus
889 2799 1454 2876 disceptationibus
1485 2799 1860 2858 iudiciorum
1888 2806 1999 2860 aut
2028 2801 2126 2858 de-

193 2897 667 2958 liberationum
697 2900 1072 2968 versaretur,
1102 2901 1167 2954 et
1197 2895 1263 2954 id
1292 2915 1486 2954 unum
1526 2899 1719 2972 genus
1764 2898 1993 2957 oratori
2038 2917 2124 2956 re-

215 2994 504 3072 liquisse,
543 3013 668 3052 non
717 2993 1099 3069 complectar
1142 2993 1209 3051 in
1251 2992 1351 3050 his
1395 2993 1575 3052 libris
1620 2994 1905 3071 amplius,
1938 3015 2123 3072 quam

216 3091 391 3169 quod
447 3089 592 3148 huic
650 3088 877 3163 generi,
923 3107 990 3147 re
1039 3089 1324 3165 quaesita
1372 3096 1437 3148 et
1494 3090 1758 3150 multum
1802 3091 2126 3170 disputata

215 3205 604 3247 summorum
656 3185 979 3244 hominum
1024 3205 1214 3263 prope
1271 3205 1577 3248 consensu
1626 3194 1724 3248 est
1779 3189 2120 3264 tributum3

213 3291 626 3361 repetamque
655 3301 780 3340 non
823 3282 900 3341 ab
927 3282 1321 3342 incunabulis
1359 3290 1610 3344 nostrae
1653 3286 1883 3345 veteris
1928 3287 2128 3362 pueri-
2170 3299 2229 3343 23

214 3380 429 3458 lisque
457 3378 775 3438 doctrinae
811 3380 1119 3457 quendam
1165 3381 1445 3440 ordinem
1489 3387 1981 3460 praeceptorum,
2014 3384 2123 3442 sed

213 3496 312 3550 ea,
346 3494 504 3554 quae
532 3477 846 3553 quondam
875 3477 1084 3555 accepi
1127 3477 1194 3536 in
1233 3486 1594 3539 nostrorum
1635 3479 1955 3538 hominum
2004 3479 2122 3538 elo-

215 3572 778 3650 quentissimorum
807 3579 870 3632 et
899 3573 1069 3633 omni
1102 3573 1413 3651 dignitate
1459 3575 1810 3653 principum
1854 3575 2129 3650 disputa-
