2816 4097
262 412 370 457 Lm.
396 411 433 455 1.
457 410 586 456 CAP.
609 412 654 467 8,
677 408 744 469 9.]
1033 410 1124 457 DE
1166 412 1491 458 ORATORE.

259 583 481 654 statu0,
515 579 781 657 perfecti
820 578 1086 640 oratoris
1121 568 1548 640 moderatione
1584 587 1647 639 et
1690 580 2002 659 sapientia
2039 599 2165 641 non

261 676 456 736 solum
480 675 681 753 ipsius
703 676 1095 753 dignitatem,
1121 676 1231 737 sed
1251 682 1315 737 et
1339 677 1729 755 privatorum
1754 676 2163 755 plurimorum

258 778 317 833 et
357 772 683 833 universae
728 772 818 832 rei
869 772 1156 851 publicae
1197 774 1467 834 salutem
1517 774 1788 835 maxime
1837 774 2158 835 contineri.

258 871 450 940 Quam
493 870 573 929 ob
613 888 744 929 rem
787 869 1046 948 pergite,
1089 876 1162 930 ut
1204 870 1436 946 facitis,
1480 872 1928 947 adulescenteS,
1972 877 2161 950 atque

259 967 321 1025 in
370 966 435 1025 id
484 966 782 1041 studium,
832 966 899 1025 in
947 986 1070 1044 quo
1121 967 1291 1042 estiS,
1337 968 1699 1043 incumbite,
1749 974 1821 1029 ut
1870 975 1934 1029 et
1983 968 2161 1029 vobis

260 1062 479 1123 honori
520 1068 586 1122 et
625 1062 843 1124 amicis
884 1062 1156 1124 utilitati
1195 1070 1260 1124 et
1295 1064 1385 1123 rei
1422 1065 1702 1143 publicae
1742 1066 2160 1127 emolumento

259 1178 391 1218 esse
420 1158 694 1236 possitis.

258 1337 509 1390 Scaevola
548 1354 810 1406 expresses
836 1354 871 1389 a
896 1336 1146 1406 different
1180 1338 1395 1407 opinion
1434 1340 1553 1392 with
1578 1339 1846 1409 reference
1885 1349 1933 1392 to
1971 1340 2052 1392 the
2086 1340 2161 1391 in-

318 1424 540 1495 fluence
563 1426 674 1477 and
696 1423 978 1494 functions
1002 1424 1072 1494 os
1097 1426 1177 1478 the
1214 1434 1404 1488 orator,
1433 1428 1543 1478 and
1570 1444 1691 1495 says
1718 1428 1825 1479 that
1853 1427 2163 1497 philosophy

333 1512 508 1564 would
544 1511 694 1564 resi-st
730 1511 811 1563 the
847 1510 1029 1563 claim-3
1065 1510 1135 1580 os
1166 1511 1410 1564 Crassus.
1486 1514 1551 1580 ἓξ
1580 1511 1769 1565 35-44.

2156 393 2266 459 -11

331 1644 389 1705 9.
434 1645 593 1702 Tum
625 1644 923 1704 Scaevola
957 1644 1232 1720 comiter,
1262 1651 1336 1706 ut
1373 1645 1627 1723 solebat,
1660 1648 1899 1723 Cetera,
1933 1647 2156 1727 inquit,
2202 1662 2259 1707 35

252 1739 570 1801 adsentior
599 1741 838 1816 Crasso,
870 1758 948 1800 ne
976 1748 1084 1801 aut
1113 1742 1190 1801 de
1218 1743 1282 1804 C.
1317 1743 1494 1803 Laeli
1528 1745 1725 1805 soceri
1770 1745 1893 1804 mei
1932 1750 2041 1805 aut
2081 1745 2156 1805 de

251 1837 437 1898 huius
479 1838 691 1914 generi
732 1843 842 1897 aut
883 1844 1017 1898 arte
1065 1845 1177 1899 aut
1225 1840 1426 1916 gloria
1474 1841 1833 1917 detraham3
1892 1835 2007 1901 sed‘
2046 1841 2158 1901 illa

247 1936 387 2009 du0,
419 1934 654 2010 Crasse,
699 1953 912 1995 vereor
956 1942 1028 1996 ut
1071 1936 1190 1997 tibi
1231 1938 1468 2015 possim
1511 1939 1879 1998 concedere:
1940 1958 2151 2013 unum,

247 2032 416 2112 quod
463 2033 542 2094 ab
589 2032 939 2095 oratoribus
987 2033 1278 2095 civitates
1326 2040 1391 2096 et
1440 2035 1626 2096 initio
1668 2036 2047 2097 constitutas
2089 2042 2155 2096 et

243 2149 428 2208 saepe
471 2135 869 2191 conservatas
911 2149 1048 2192 esse
1091 2132 1331 2207 dixisti,
1377 2133 1664 2206 alterum,
1704 2134 1873 2211 quod
1915 2133 2153 2193 r'emoto

245 2227 401 2299 foro,
446 2227 751 2301 contione,
800 2228 1070 2302 iudiciis,
1123 2233 1344 2288 senatu
1395 2228 1681 2289 statuisti
1728 2236 2038 2288 oratorem
2088 2230 2155 2288 in

245 2322 419 2380 omni
461 2341 681 2398 genere
725 2323 1029 2382 sermonis
1072 2328 1138 2382 et
1171 2323 1585 2384 humanitatis
1616 2342 1750 2383 esse
1782 2325 2148 2401 perfectum.

243 2416 400 2488 Quis
429 2418 595 2477 enim
625 2417 743 2478 tibi
781 2418 896 2477 hoc
931 2420 1322 2494 concesserit,
1354 2425 1465 2479 aut
1496 2420 1681 2479 initio
1724 2438 1919 2496 genus
1962 2421 2157 2480 homi·
2199 2435 2255 2482 36

241 2534 396 2574 num
425 2515 493 2574 in
519 2514 838 2575 montibus
867 2533 938 2574 ac
969 2515 1150 2576 silvis
1179 2515 1557 2594 dissipatum
1590 2536 1716 2576 non
1751 2517 2153 2594 prudentium

239 2611 524 2672 consiliis
554 2612 945 2690 compulsum
979 2613 1208 2691 potius,
1239 2632 1447 2690 quam·
1466 2614 1842 2673 disertorum
1873 2614 2153 2675 oratione

238 2710 586 2770 delenitum
615 2729 681 2768 se
711 2709 962 2789 oppidis
988 2710 1437 2789 moenibusque
1465 2710 1776 2788 saepsisse
1797 2713 1829 2771 ?
1872 2718 1983 2772 aut
2005 2733 2150 2773 vero

238 2805 515 2884 reliquas
558 2806 871 2868 utilitates
913 2807 1024 2868 aut
1065 2808 1132 2880 in
1172 2807 1631 2867 constituendis
1673 2813 1783 2868 aut
1816 2809 1882 2867 in
1914 2827 2152 2870 conser-

237 2902 466 2964 vandis
495 2903 860 2964 civitatibus
890 2924 1016 2964 non
1046 2901 1088 2964 ‘a
1120 2903 1513 2983 sapientibus
1554 2911 1621 2964 et
1662 2903 1932 2967 fortibus
1973 2907 2146 2983 viris,

234 3000 353 3060 sed
394 3018 432 3059 a
471 2995 727 3060 disertis
772 3007 1120 3080 ornateque
1151 3001 1503 3062 dicentibus
1542 3021 1678 3062 esse
1716 3004 2091 3065 constitutas
2113 3008 2145 3065 ?

235 3097 348 3155 An
388 3116 536 3158 vero
584 3097 705 3157 tibi
753 3098 1060 3158 Romulus
1103 3098 1212 3158 ille
1257 3104 1368 3158 aut
1407 3106 1690 3177 pastores
1733 3107 1798 3161 et
1840 3099 2146 3164 convenas

233 3213 647 3272 congregasse
696 3201 807 3255 aut
855 3195 1223 3255 Sabinorum
1277 3197 1545 3257 conubia
1590 3198 2004 3260 coniunxisse
2038 3207 2147 3260 aut

231 3291 654 3352 finitimorum
700 3292 829 3352 vim
881 3292 1249 3370 repressisse
1302 3293 1662 3372 eloquentia
1708 3296 1975 3371 videtur,
2021 3316 2148 3357 non

230 3387 502 3448 consilio
521 3395 586 3449 et
613 3375 923 3467 sapientia
951 3390 1252 3466 singulari
1278 3393 1310 3451 ?
1380 3391 1547 3461 Quid
1568 3394 1599 3452 ?
1644 3392 1712 3450 in
1738 3393 1950 3452 Numa
1970 3395 2149 3453 Pom-

230 3484 430 3564 pilio;
475 3485 626 3564 quid
649 3488 680 3546 ?
731 3487 799 3546 in
841 3487 1058 3548 Servio
1100 3489 1326 3564 Tullio,
1361 3488 1515 3566 quid
1536 3491 1568 3549 ¹?
1618 3489 1686 3547 in
1728 3489 1951 3549 ceteris
1997 3490 2148 3565 regi-

227 3583 372 3658 buS‚
406 3602 670 3664 quorum
698 3584 900 3646 multa
925 3592 1074 3646 sunt
1100 3587 1335 3646 eximia
1363 3586 1446 3645 ad
1484 3584 1985 3646 constituendam
2016 3603 2146 3643 rem
