2816 4097
577 1328 630 1371 11

580 2979 636 3025 13

1231 369 1300 417 Μ.
1338 370 1539 419 'mm
1580 334 1927 419 excanoms
2098 368 2232 429 [an.
2257 371 2297 417 1.
2320 368 2450 419 cn.
2468 370 2509 427 3,
2528 370 2567 418 4.

676 545 915 617 quanta
941 540 1012 599 in
1037 539 1423 600 obscuritate
1452 558 1659 600 rerum
1688 546 1753 599 et
1781 558 1969 618 quam
2001 540 2324 620 recondita
2350 540 2415 599 in
2446 546 2568 599 arte

675 641 741 695 et
794 636 1135 715 multiplici
1191 638 1537 716 subtilique
1587 638 1970 714 versentur?
2058 637 2192 707 Quo
2247 642 2461 697 tamen
2510 637 2572 695 in

676 752 899 809 genere
931 734 1022 793 ita
1049 734 1234 794 multi
1266 735 1531 813 perfecti
1562 734 1845 818 homines
1875 734 2276 808 exstiterunt,
2302 739 2375 793 ut
2401 752 2571 793 nemo

677 830 808 889 fere
839 831 1154 891 studuisse
1193 831 1252 889 ei
1296 831 1594 891 scientiae
1623 831 2059 891 vehementius
2094 830 2399 905 videatur,
2428 831 2572 908 quin

677 926 846 1004 quo'd
873 928 1144 988 voluerit
1173 932 1542 988 consecutus
1574 929 1672 989 sit.
1714 928 1913 998 Quis
1944 928 2220 1002 musiciS,
2251 928 2395 1005 quis
2438 928 2571 986 huic

660 1010 886 1083 studio
915 1025 1290 1100 litterarum,
1321 1026 1491 1102 quod
1530 1025 1905 1103 profitentur
1933 1024 2008 1100 ei,
2040 1024 2151 1102 qui
2194 1024 2573 1098 grammatici

676 1128 993 1196 vocantur,
1016 1122 1269 1199 penitus
1299 1140 1366 1181 se
1395 1122 1589 1197 dedit,
1615 1122 1769 1200 quin
1796 1126 2043 1181 omnem
2072 1121 2323 1181 illarum
2352 1100 2573 1181 artium

675 1238 871 1296 paene
902 1219 1216 1279 infinitam
1238 1220 1368 1277 vim
1398 1225 1465 1277 et
1478 1219 1817 1278 materiem
1846 1218 2113 1278 scientia
2138 1224 2203 1279 et
2230 1218 2575 1293 cognitione

677 1304 1217 1393 comprehenderit
1240 1318 1272 1375 ?
1340 1317 1503 1376 Vere
1534 1314 1688 1373 mihi
1723 1316 1838 1375 hoc
1868 1316 2085 1374 videor
2113 1334 2250 1374 esse
2281 1316 2573 1388 dicturuS,

678 1431 756 1471 ex
798 1414 1084 1472 omnibus
1131 1413 1239 1487 eis,
1285 1414 1406 1491 qui·
1454 1413 1519 1471 in
1575 1412 1791 1471 harum
1841 1412 2069 1471 artium
2124 1411 2577 1501 liberalissimis

678 1510 904 1568 studiis
964 1510 1093 1569 sint
1163 1510 1591 1587 doctrinisque
1648 1510 1901 1583 versati,
1962 1508 2286 1569 minimam
2342 1509 2578 1585 copiam
2750 1472 2753 1555 i

678 1612 1004 1684 poetarum
1061 1607 1447 1681 egregiorum
1492 1607 1831 1679 exstitisse.
1916 1606 2129 1683 Atque
2173 1606 2238 1664 in
2289 1605 2405 1665 hoc
2447 1606 2579 1683 ipso

679 1721 955 1777 numerO,
994 1703 1062 1761 in
1105 1723 1230 1781 quo
1274 1722 1525 1796 perraro
1568 1704 1851 1762 exoritur
1892 1702 2123 1780 aliquis
2166 1702 2496 1777 excellens,
2526 1703 2580 1760 si

679 1800 1013 1876 diligenter
1070 1807 1134 1859 et
1190 1819 1267 1859 ex
1324 1806 1677 1860 nostrorum
1736 1806 1801 1859 et
1854 1819 1934 1859 ex
1986 1788 2363 1860 Graecorum
2407 1799 2583 1877 copia

679 1915 1038 1973 comparare
1109 1897 1298 1970 voleS,
1364 1897 1562 1956 multo
1633 1903 1845 1957 tamen
1914 1897 2235 1974 pauciores
2307 1903 2581 1955 oratores

679 2013 866 2072 quam
903 1999 1118 2072 poetae
1150 1994 1297 2054 boni
1329 1993 1731 2072 reperientur.
1820 1995 1997 2078 Quod
2038 1994 2153 2054 hoc
2184 1994 2373 2054 etiam
2407 1990 2585 2052 mira-

678 2091 867 2152 bilius
897 2092 1082 2152 debet
1113 2092 1330 2166 videri,
1361 2092 1510 2176 quia
1537 2097 1884 2164 ceterarum
1921 2093 2153 2152 artium
2196 2092 2407 2178 studia
2448 2092 2584 2150 fere

678 2189 1015 2249 reconditis
1046 2195 1235 2265 atque
1265 2189 1499 2248 abditis
1531 2208 1562 2248 e
1597 2189 1879 2263 fontibus
1909 2189 2303 2263 hauriuntur,
2336 2189 2585 2267 dicendi

675 2292 884 2347 autem
916 2287 1116 2344 omnis
1164 2286 1324 2368 ratio
1367 2287 1434 2361 in
1477 2286 1682 2358 medio
1726 2287 1934 2364 posita
1961 2286 2273 2372 communi
2314 2271 2585 2363 quodam

677 2385 743 2443 in
786 2405 903 2444 usu
946 2389 1136 2461 atque
1179 2383 1245 2441 in
1289 2382 1612 2442 hominum
1642 2403 1811 2444 more
1858 2389 1920 2443 et
1965 2402 2245 2442 sermone
2276 2389 2587 2464 versatur,

675 2489 746 2541 ut
790 2482 855 2540 in
897 2481 1123 2566 ceteris
1167 2480 1233 2539 id
1276 2481 1547 2540 maxime
1578 2481 1863 2555 excellat,
1896 2481 2063 2557 quod
2106 2481 2469 2557 longissime
2500 2479 2591 2538 sit

675 2580 754 2638 ab
795 2578 1226 2655 imperitorum
1277 2577 1712 2653 intellegentia
1742 2596 2050 2654 sensuque
2082 2568 2485 2661 disiunctum,
2518 2577 2589 2634 in

679 2676 939 2734 dicendo
995 2681 1204 2733 autem
1263 2675 1490 2734 vitium
1546 2675 1649 2734 vel
1705 2675 2046 2734 maximum
2110 2675 2194 2746 sit
2250 2693 2287 2733 a
2340 2674 2595 2749 volgari

679 2791 902 2848 genere
945 2772 1244 2830 orationis
1289 2778 1477 2850 atque
1507 2791 1547 2831 a
1574 2773 2025 2832 consuetudine
2068 2771 2412 2832 communis
2452 2789 2596 2830 sen-

679 2887 785 2928 sus
816 2868 1161 2954 abhorrere.
1394 2863 1400 2866 ’

758 2964 813 3024 4.
860 2965 953 3024 Ac
995 2985 1072 3024 ne
1117 2967 1276 3027 illud
1317 2967 1571 3045 quidem
1615 2986 1761 3027 vere
1803 2967 1929 3027 dici
1971 2973 2197 3045 potest,
2231 2972 2341 3026 aut
2383 2966 2595 3044 pluris

680 3063 902 3123 ceteris
946 3063 1245 3122 inservire
1291 3070 1401 3123 aut
1443 3065 1673 3124 maiore
1704 3065 2117 3124 delectatione
2154 3069 2263 3124 aut
2306 3082 2414 3140 spe
2444 3064 2599 3123 ube-

680 3161 840 3220 riore
883 3181 952 3221 ac
998 3161 1290 3238 praemiis
1333 3162 1414 3220 ad
1452 3161 1927 3238 perdiscendum
1975 3160 2384 3238 amplioribus
2429 3179 2600 3220 com-

652 3260 930 3318 ‘moveri.
1019 3259 1230 3336 Atque
1272 3264 1345 3316 ut
1392 3257 1681 3317 omittam
1738 3259 2083 3332 Graeciam,
2131 3275 2289 3335 quae
2337 3274 2599 3334 semper

677 3355 1072 3434 eloquentiae
1118 3353 1408 3432 princeps
1454 3373 1589 3413 esse
1636 3354 1851 3429 voluit,
1886 3362 2073 3434 atque
2118 3355 2259 3415 illas
2302 3355 2597 3413 omnium

678 3454 1101 3514 doctrinarum
1161 3449 1543 3530 inventrices
1586 3451 1890 3527 Athena8‚
1940 3454 2006 3512 in
2062 3452 2287 3530 quibus
2338 3470 2603 3513 summa

681 3549 930 3608 dicendi
969 3548 1066 3608 vis
1111 3554 1175 3608 et
1223 3548 1482 3607 inventa
1536 3553 1633 3608 est
1690 3553 1753 3608 et
1807 3549 2103 3628 perfecta,
2151 3549 2218 3607 in
2273 3548 2389 3608 hac
2445 3550 2603 3626 ipsa
