2816 4097
590 347 672 414 28

1246 363 1315 410 M.
1354 365 1553 412 TULLI
1594 363 1950 412 CICERONIS
2149 363 2286 424 [LIB.
2313 365 2352 411 1.
2377 364 2506 411 CAP.
2529 365 2596 410 21.

690 550 875 609 quem
905 530 1259 609 aliquandO,
1286 531 1395 608 qui
1419 537 1483 590 et
1513 531 1724 591 studio
1753 531 2006 605 acriore,
2033 550 2220 608 quam
2249 550 2362 592 nos
2391 550 2598 591 sumus

691 635 878 706 atque
910 628 1166 702 fuimus,
1199 633 1262 687 et
1304 628 1434 688 otio
1477 647 1548 688 ac
1591 628 1895 688 facultate
1940 628 2220 688 discendi
2263 627 2493 688 maiore
2534 648 2599 688 ac

690 727 1031 786 maturiore
1081 732 1146 785 et
1192 726 1402 785 labore
1459 731 1650 803 atque
1705 725 2022 785 industria
2075 725 2414 803 superiore,
2466 745 2600 786 cum

690 843 758 883 se
807 824 887 883 ad
935 823 1332 896 audiendum,
1383 823 1720 899 legendum
1770 822 2291 900 scribendumque
2341 823 2599 896 dederit,

634 935 643 944 ·
690 921 956 980 exsistat
999 920 1145 980 talis
1189 925 1417 995 orator,
1448 919 1697 997 qualem
1741 919 2116 997 quaerimus,
2153 919 2264 996 qui
2300 919 2442 979 -iure
2482 939 2607 980 non

586 3557 646 3601 98

692 1003 894 1078 solum
938 1017 1231 1092 disertus,
1276 1016 1386 1076 sed
1437 1016 1627 1076 etiam
1678 1017 1978 1094 eloquens
2029 1016 2156 1076 dici
2202 1016 2438 1094 possit3
2497 1017 2605 1094 qui

690 1122 904 1176 tamen
949 1133 1085 1174 mea
1127 1113 1448 1173 sententia
1489 1120 1597 1174 aut
1639 1114 1742 1173 hic
1786 1119 1884 1173 est
1925 1113 2052 1173 iam
2091 1113 2358 1176 Crassus
2387 1118 2517 1188 aut,
2551 1113 2601 1172 si

691 1213 836 1292 quis
864 1212 1001 1292 pari
1030 1211 1225 1270 fuerit
1254 1211 1506 1287 ingenio
1540 1211 1842 1289 pluraque
1873 1229 2061 1288 quam
2089 1210 2194 1271 hic
2234 1215 2297 1271 et
2331 1211 2605 1270 audierit

691 1317 755 1370 et
782 1309 1088 1370 lectitarit
1117 1314 1181 1368 et
1220 1308 1563 1386 scripserit,
1594 1309 1852 1386 paulum
1893 1307 2042 1368 huic
2083 1307 2327 1387 aliquid
2369 1308 2605 1386 poterit

691 1409 933 1468 addere.

701 1611 968 1680 Sulpicius
1016 1612 1128 1664 and
1176 1610 1328 1664 Cotta
1370 1627 1462 1663 are
1501 1611 1764 1681 deliyhted
1805 1610 1920 1662 with
1959 1611 2038 1663 the
2079 1609 2453 1674 conversation,
2490 1612 2606 1663 and

780 1707 981 1769 request
1006 1700 1111 1751 that
1137 1698 1177 1750 it
1201 1699 1259 1750 be
1279 1698 1575 1751 continued.
1657 1698 1885 1750 Crassus
1905 1707 2052 1750 turns
2077 1698 2116 1750 it
2141 1715 2262 1750 over
2295 1705 2342 1750 to
2369 1697 2601 1766 Antony,

782 1787 866 1838 but
891 1787 935 1837 is
953 1787 1174 1854 pressed
1199 1787 1262 1854 by
1292 1785 1462 1849 Cotta,
1489 1787 1600 1837 and
1625 1794 1859 1838 consents
1884 1794 1933 1838 to
1958 1801 2162 1838 answer
2185 1785 2318 1838 their
2344 1785 2601 1856 questions

782 1891 841 1925 as
854 1873 958 1942 far
981 1891 1041 1926 as
1066 1875 1127 1926 ke
1154 1891 1274 1925 can.
1352 1874 1416 1940 ἐξ
1444 1873 1670 1924 96-101.

774 1993 913 2053 Hoc
953 1993 1089 2053 loco
1133 1992 1465 2070 Sulpicius,
1495 1991 1859 2071 insperanti,
1901 1991 2126 2071 inquit,
2158 1991 2316 2052 mihi
2359 1997 2421 2053 et
2463 1993 2602 2055 Cot-

692 2095 811 2163 tae,
851 2090 960 2147 sed
1003 2088 1183 2148 valde
1227 2089 1475 2166 optanti
1518 2090 1769 2167 utrique
1813 2095 2100 2150 nostrum
2143 2090 2386 2167 cecidit,
2422 2097 2494 2151 ut
2536 2091 2602 2149 in

668 2186 883 2247 istum
936 2205 1301 2260 sermonem,
1354 2185 1594 2260 Crasse,
1641 2186 2104 2247 delaberemini.
2190 2188 2389 2249 Nobis
2434 2188 2596 2249 enim

690 2284 811 2343 huc
841 2284 1238 2342 venientibus
1270 2282 1424 2343 satis
1455 2284 1795 2343 iucundum
1825 2285 1960 2344 fore
1990 2284 2340 2355 videbatur,
2365 2286 2437 2360 si,
2461 2303 2601 2344 cum

690 2400 801 2441 vos
836 2382 911 2439 de
950 2380 1133 2440 rebus
1179 2380 1320 2439 aliis
1364 2380 1796 2458 loqueremini,
1827 2388 2040 2442 tamen
2082 2402 2196 2441 nos
2240 2382 2480 2461 aliquid
2520 2400 2600 2441 ex

691 2496 971 2538 sermone
1007 2482 1218 2537 vestro
1262 2477 1564 2537 memoria
1605 2477 1864 2554 dignum
1908 2479 2195 2557 excipere
2240 2498 2597 2557 possemus3

688 2580 761 2633 ut
802 2593 947 2633 vero
984 2574 1236 2651 penitus
1280 2575 1348 2633 in
1388 2593 1527 2633 eam
1568 2574 1770 2652 ipsam
1813 2575 2011 2636 totius
2053 2576 2239 2635 huius
2283 2576 2384 2635 vel
2425 2576 2598 2635 studi

691 2672 789 2730 vel
820 2670 1045 2731 artifici
1077 2672 1176 2730 vel
1207 2670 1534 2732 facultatis
1564 2672 2060 2749 disputationem
2095 2691 2290 2749 paene
2313 2673 2600 2733 intimam

691 2768 1011 2843 veniretis,
1042 2768 1150 2827 vix
1189 2770 1536 2847 optandum
1579 2769 1760 2829 nobis
1803 2770 2147 2829 videbatur.
2235 2771 2370 2847 Ego
2413 2770 2598 2843 enim,

690 2866 800 2944 qui
828 2866 906 2925 ab
935 2866 1189 2925 ineunte
1220 2871 1427 2926 aetate
1458 2866 1748 2925 incensus
1793 2884 1994 2926 essem
2031 2864 2241 2926 studio
2269 2866 2599 2943 utriusque

687 2968 985 3037 vestrum,
1018 2964 1229 3023 Crassi
1258 2983 1405 3023 vero
1435 2964 1627 3023 etiam
1658 2981 1882 3037 amore,
1915 2982 2055 3023 cum
2085 2964 2163 3023 ab
2192 2982 2263 3024 eo
2292 2982 2599 3042 nusquam

689 3061 1090 3134 discederem,
1121 3061 1380 3120 verbum
1424 3080 1501 3119 ex
1545 3078 1617 3119 eo
1659 3079 2001 3137 numquam
2045 3060 2266 3120 elicere
2309 3060 2487 3139 potui
2522 3060 2598 3119 de

687 3160 753 3218 vi
775 3178 847 3219 ac
876 3158 1114 3217 ratione
1139 3158 1408 3231 dicendi,
1435 3176 1574 3216 cum
1604 3165 1669 3218 et
1697 3177 1807 3236 per
1836 3163 2066 3217 memet
2095 3158 2301 3236 ipsum
2331 3157 2597 3233 egissem

687 3262 750 3316 et
792 3274 905 3334 per
946 3256 1224 3313 Drusum
1268 3272 1452 3330 saepe
1491 3259 1932 3332 temptassem3
1992 3274 2116 3333 quo
2150 3255 2216 3313 in
2250 3274 2472 3332 genere
2505 3260 2592 3326 tu,

687 3352 946 3425 Antoni,
967 3368 1209 3409 —vere
1258 3349 1934 3429 loquar—numquam
1991 3352 2148 3411 mihi
2206 3351 2595 3429 percontanti

686 3456 795 3507 aut
839 3446 1166 3523 quaerenti
1206 3446 1448 3521 aliquid
1498 3447 1761 3505 defuisti
1818 3454 1884 3508 et
1933 3468 2230 3525 persaepe
2279 3468 2392 3523 me,
2439 3468 2591 3527 quae

691 3544 923 3602 soleres
954 3541 1023 3598 in
1044 3540 1305 3599 dicendo
1334 3540 1677 3612 observare,
1703 3541 1987 3603 docuisti.
2074 3546 2275 3618 Nunc,
2302 3544 2592 3622 quoniam
