2816 4097
1219 366 1291 414 M.
1327 366 1529 416 ‘mm
1570 366 1917 417 CICERONIS
2068 357 2211 425 [Lm.
2236 370 2275 417 1.
2298 368 2431 417 cu».
2457 370 2501 428 1,
2523 370 2568 417 2.

655 536 720 595 in
765 536 968 615 ipsam
1016 535 1551 614 perturbationem
1602 536 1967 614 disciplinae
2011 537 2262 613 veteriS,
2310 544 2376 597 et
2432 556 2567 598 con-

657 634 870 694 sulatu
901 634 1267 693 devenimus
1297 634 1365 692 in
1395 634 1669 693 medium
1700 653 1907 694 rerum
1937 635 2215 694 omnium
2246 640 2565 695 certamen

656 737 844 809 atque
875 731 1230 806 discrimen,
1261 738 1326 791 et
1361 730 1479 791 hoc
1508 738 1756 810 tempus
1786 750 1967 791 omne
1996 738 2140 810 post
2168 733 2563 793 consulatum

655 829 996 890 obiecimus
1039 828 1132 889 eis
1173 828 1485 904 fluctibus,
1519 828 1629 907 qui
1670 848 1781 906 per
1823 848 1937 889 nos
1966 848 2005 889 a
2031 830 2347 890 communi
2388 834 2565 908 peste

655 927 902 1005 depulsi
943 928 1012 988 in
1052 935 1297 989 nosmet
1345 926 1515 1003 ipsos
1554 926 1987 989 redundarent.
2078 926 2203 987 Sed
2243 932 2457 987 tamen
2500 928 2562 986 in

655 1024 754 1084 his
809 1026 910 1085 vel
965 1026 1412 1104 asperitatibus
1475 1042 1681 1083 rerum
1738 1023 1839 1083 vel
1880 1024 2205 1111 'angustiis
2261 1024 2562 1102 temporis

656 1123 963 1202 obsequar
992 1126 1221 1186 studiis
1252 1127 1488 1187 nostris
1517 1131 1581 1185 et
1612 1130 1914 1201 quantum
1948 1122 2104 1182 mihi
2132 1123 2234 1182 vel
2273 1123 2448 1184 fraus
2477 1124 2563 1182 in-

656 1220 979 1281 imicorum
1011 1223 1110 1282 vel
1141 1242 1363 1283 causae
1397 1223 1735 1283 amicorum
1766 1221 1868 1280 vel
1911 1239 2011 1281 res
2051 1220 2301 1298 publica.
2329 1219 2563 1281 tribuet

653 1317 744 1376 oti
787 1319 866 1378 ad
909 1320 1302 1379 scribendum
1353 1320 1751 1398 potissimum
1795 1318 2131 1377 conferam.
2220 1316 2365 1375 Tibi
2399 1336 2561 1393 ver0,

654 1415 868 1492 frater,
927 1436 1128 1494 neque
1186 1418 1469 1478 hortanti
1529 1419 1714 1479 deero
1772 1438 1974 1497 neque
2032 1420 2296 1496 roganti.
2399 1420 2563 1479 Nam

655 1530 860 1589 neque
903 1515 1280 1575 auctoritate
1325 1515 1657 1593 quisquam
1700 1516 1869 1594 apud
1912 1534 2008 1575 me
2060 1515 2201 1593 plus
2246 1517 2457 1577 valere
2499 1521 2562 1576 te

654 1615 865 1685 potest
892 1629 1094 1687 neque
1126 1611 1467 1671 voluntate.

737 1704 792 1766 2.
839 1708 933 1767 Ac
956 1708 1113 1766 mihi
1144 1710 1482 1786 repetenda
1504 1715 1600 1769 est
1624 1712 1857 1770 veteris
1876 1711 2201 1771 cuiusdam
2230 1712 2561 1771 memoriae

656 1821 781 1863 non
827 1823 973 1863 sane
1017 1805 1173 1865 satis
1215 1805 1528 1883 explicata
1571 1808 1933 1882 recordatio,
1981 1808 2108 1882 sed,
2154 1814 2227 1867 ut
2275 1808 2561 1882 arbitror,

656 1907 804 1978 apta
832 1902 912 1960 ad
956 1901 1037 1976 id,
1071 1904 1239 1979 quod
1283 1904 1567 1980 requiris,
1598 1910 1671 1963 ut
1712 1922 2045 1980 cognoscas
2088 1924 2247 1982 quae
2277 1905 2400 1965 viri
2441 1924 2562 1965 om-

654 1998 832 2058 nium
867 1999 1373 2078 eloquentissimi
1418 2000 1872 2079 clarissimique
1917 2002 2229 2063 senserint
2274 2003 2350 2062 de
2394 2003 2563 2063 omni

657 2097 896 2156 ratione
954 2097 1216 2158 dicendi.
1323 2098 1439 2160 Vis
1496 2099 1681 2174 enim,
1740 2104 1811 2158 ut
1866 2099 2025 2158 mihi
2080 2118 2264 2178 saepe
2322 2100 2560 2173 dixisti,

654 2194 948 2270 quoniam
977 2213 1134 2272 quae
1180 2196 1388 2272 pueris
1420 2200 1531 2254 aut
1572 2195 2061 2256 adulescentulis
2090 2196 2270 2256 nobis
2301 2216 2379 2256 ex
2409 2215 2565 2256 com-

651 2291 1042 2352 mentariolis
1084 2293 1318 2352 nostris
1363 2291 1657 2352 incohata
1698 2311 1770 2351 ac
1814 2293 1991 2351 rudia
2035 2293 2565 2384 excideruntflvix

649 2399 788 2448 sunt
817 2389 932 2448 hac
961 2394 1167 2450 aetate
1197 2389 1388 2466 digna
1418 2395 1483 2448 et
1511 2389 1627 2448 hoc
1655 2408 1791 2464 usu,
1825 2407 2012 2472 quem
2042 2408 2119 2449 ex
2148 2390 2566 2469 causiskquas

650 2487 1066 2575 diximusltot
1095 2487 1418 2564 tantisque
1446 2486 1767 2546 consecuti
1796 2505 2028 2562 sumus,
2053 2487 2296 2566 aliquid
2328 2487 2566 2547 eisdem

650 2585 727 2643 de
757 2584 941 2644 rebus
970 2584 1233 2662 politius
1262 2602 1301 2643 a
1327 2583 1511 2643 nobis
1553 2583 2021 2660 perfectiusque
2053 2585 2350 2665 proferri3
2377 2585 2565 2645 soles-

649 2699 770 2758 que
812 2700 939 2741 non
986 2699 1328 2759 numquam
1370 2680 1489 2741 hac
1519 2681 1597 2740 de
1628 2699 1693 2739 re
1723 2698 1760 2739 a
1788 2699 1885 2740 me
1930 2681 1997 2739 in
2026 2681 2568 2759 disputationibus

647 2777 884 2838 nostris
913 2777 1264 2854 dissentire,
1297 2778 1467 2855 quod
1495 2796 1609 2853 ego
1640 2777 2207 2838 eruditissimorum
2238 2777 2569 2838 hominum

649 2873 890 2934 artibus
921 2873 1346 2952 eloquentiam
1375 2874 1687 2934 contineri
1717 2878 2010 2950 statuam,
2041 2880 2113 2935 tu
2143 2881 2356 2934 autem
2387 2875 2569 2934 illam

649 2972 727 3032 ab
749 2971 1064 3048 elegantia
1091 2971 1415 3032 doctrinae
1438 2972 1883 3048 segregandam
1914 2978 2097 3049 putes
2120 2977 2183 3032 et
2206 2973 2273 3030 in
2294 2972 2569 3050 quodam

649 3068 863 3145 ingeni
892 3074 1080 3145 atque
1111 3067 1582 3128 exercitationis
1612 3086 1836 3144 genere
1868 3069 2233 3146 ponendam.

655 3246 766 3298 The
791 3247 1021 3317 Jewness
1045 3245 1116 3316 of
1137 3253 1288 3316 qreat
1325 3253 1527 3298 orator-3
1552 3261 1612 3297 as
1636 3248 1915 3314 compared
1942 3246 2060 3299 with
2086 3248 2223 3300 those
2250 3248 2479 3300 eminent
2514 3248 2570 3299 in

1225 3333 1369 3384 other
1396 3331 1654 3401 pursuits.
1730 3335 1794 3400 ἓξ
1830 3333 1984 3385 6-16.

729 3457 822 3514 Ac
853 3453 1011 3513 mihi
1045 3453 1302 3531 quidem
1332 3470 1518 3530 saepe
1548 3471 1805 3513 numero
1848 3453 1914 3512 in
1958 3473 2233 3514 summos
2277 3454 2569 3516 homines

647 3571 718 3612 ac
775 3552 1038 3611 summis
1101 3549 1371 3624 ingeniis
1429 3549 1745 3627 praeditos
1804 3549 2078 3609 intuenti
2134 3553 2571 3628 quaerendum
