2816 4097
595 367 636 430 6
1255 384 1324 431 M.
1363 385 1563 433 'rum
1600 384 1952 433 memrome
2181 384 2317 445 [Lm.
2342 385 2383 432 1.
2407 386 2532 433 cir.
2552 387 2593 433 5.

697 553 992 629 titudine,
1037 572 1282 615 summa.
1323 556 1769 633 magistrorum
1810 554 2593 665 cBRWstantissimis

705 650 1029 710 hominum
1096 652 1384 729 ingeniis,
1446 653 1695 712 infinita
1738 672 2067 713 causarum
2108 654 2438 728 varietate,
2486 673 2597 713 am-

699 748 1006 825 plissimis
1035 748 1430 827 eloquentiae
1470 750 1815 828 propositis
1859 751 2159 828 praemiis
2203 769 2339 810 esse
2386 769 2595 811 causae

701 851 899 921 putet,
931 846 1056 906 nisi
1113 847 1202 905 rei
1262 848 1577 924 quandam
1628 848 2061 907 incredibilem
2108 848 2597 923 magnitudinem

600 956 654 999 17
699 961 770 1001 ac
825 942 1260 1002 difficultatem
1281 946 1313 1002 ?
1397 946 1517 1003 Est
1573 945 1739 1003 enim
1784 950 1851 1004 et
1900 945 2167 1003 scientia
2207 946 2599 1022 comprehen-

699 1040 906 1099 denda
945 1059 1152 1098 rerum
1203 1041 1635 1118 plurimarum,
1684 1042 1819 1102 sine
1874 1061 1999 1119 qua
2052 1043 2385 1101 verborum
2441 1043 2601 1111 yolu-

699 1137 912 1196 bilitas
989 1138 1197 1197 inanis
1253 1144 1445 1215 atque
1502 1139 1819 1198 irridenda
1894 1146 2007 1212 est,
2074 1145 2139 1198 et
2210 1140 2349 1217 ipsa
2408 1140 2601 1198 oratio

699 1235 1148 1294 conformanda
1209 1254 1336 1294 non
1407 1237 1611 1295 solum
1677 1236 2001 1310 electione,
2047 1236 2157 1295 sed
2206 1236 2402 1295 etiam
2472 1256 2603 1296 con-

699 1332 1044 1391 structione
1109 1333 1458 1406 verborum,
1528 1340 1594 1392 et
1654 1353 1868 1393 omnes
1940 1334 2291 1392 animorum
2382 1338 2601 1407 mot'uS,

701 1448 856 1505 quos
908 1428 1232 1488 hominum
1283 1431 1496 1504 generi
1547 1449 1750 1489 rerum
1794 1437 2021 1489 natura
2062 1431 2305 1506 tribuit,
2356 1431 2603 1509 penitus

701 1527 1131 1603 pernoscendi,
1157 1527 1322 1603 quod
1351 1527 1553 1585 omnis
1579 1527 1675 1585 vis
1707 1524 1989 1604 ratioq‘ue
2006 1527 2261 1585 dicendi
2285 1527 2353 1585 in
2376 1547 2605 1601 eorum,

701 1624 812 1700 qui
839 1624 1124 1696 audiunt,
1156 1623 1469 1682 mentibus
1500 1630 1613 1683 aut
1640 1625 1933 1683 sedandis
1963 1630 2074 1682 aut
2114 1624 2468 1684 excitandis
2511 1645 2609 1683 ex-

659 1720 1554 1813 WQQAccedat
1588 1722 1803 1780 eodem
1844 1727 2095 1798 oportet
2130 1721 2308 1799 lepos
2354 1722 2609 1799 quidam

704 1817 1094 1894 facetiaeque
1145 1822 1208 1877 et
1259 1818 1532 1876 eruditio
1584 1818 1782 1877 libero
1832 1818 2021 1894 digna
2074 1818 2493 1895 celeritasque
2548 1824 2613 1877 et

703 1914 976 1973 brevitas
1006 1919 1069 1973 et
1098 1914 1516 1991 respondendi
1544 1920 1609 1974 et
1636 1915 1985 1974 lacessendi
2016 1915 2235 1975 subtili
2276 1922 2612 1975 venustate

602 2024 657 2069 18
704 2018 894 2090 atque
941 2011 1300 2072 urbanitate
1357 2012 1704 2074 coniuncta.
1791 2012 2087 2072 Tenenda
2143 2019 2473 2090 praeterea
2517 2019 2617 2072 est
2664 2012 2669 2019 '

701 2110 906 2169 omnis
937 2109 1284 2187 antiquitas
1314 2109 1867 2187 exemplorumque
1896 2111 2013 2184 vis,
2044 2128 2247 2186 neque
2290 2110 2501 2187 legum
2544 2130 2617 2170 ac

701 2207 856 2266 iuris
899 2207 1103 2266 civilis
1147 2207 1413 2266 scientia
1453 2207 1836 2284 neglegenda
1876 2212 1991 2265 est.
2078 2208 2243 2265 Nam
2300 2207 2457 2284 quid
2500 2227 2619 2284 ego

700 2305 776 2364 de
823 2305 1069 2364 actione
1119 2304 1262 2381 ipsa
1315 2303 1499 2380 plura
1554 2304 1757 2362 dicam
1780 2305 1811 2362 ?
1854 2323 2016 2381 quae
2073 2309 2251 2362 motu
2308 2305 2619 2381 corporiS,

699 2421 859 2480 quae
901 2407 1104 2478 gestu,
1146 2419 1308 2479 quae
1347 2400 1543 2474 voltu,
1580 2418 1741 2478 quae
1781 2400 1951 2459 vocis
1995 2400 2499 2463 conformatione
2546 2421 2623 2460 ac

699 2500 1005 2559 varietate
1035 2498 1418 2558 moderanda
1445 2505 1574 2573 est3
1618 2515 1777 2574 quae
1804 2497 1940 2557 sola
1968 2516 2079 2574 per
2108 2516 2172 2557 se
2203 2498 2346 2575 ipsa.
2374 2506 2627 2575 quanta

699 2597 784 2656 sit
825 2597 1208 2656 histrionum
1257 2595 1419 2654 levis
1469 2614 1569 2654 ars
1614 2600 1678 2654 et
1727 2613 1952 2653 scaena
1998 2595 2311 2671 declarat;
2371 2594 2441 2653 in
2492 2615 2631 2673 qua

699 2712 843 2753 cum
871 2713 1084 2753 omnes
1113 2694 1182 2752 in
1209 2693 1334 2752 oris
1365 2698 1432 2751 et
1462 2692 1633 2751 vocis
1674 2697 1738 2751 et
1774 2697 1978 2750 motus
2022 2692 2451 2751 moderatione
2498 2693 2631 2752 ela-

699 2792 936 2866 borent,
970 2791 1109 2868 quis
1141 2791 1391 2866 ignorat
1426 2808 1612 2867 quam
1658 2789 1841 2866 pauci
1870 2789 1999 2848 sint
2036 2790 2423 2866 fuerintque,
2457 2809 2629 2867 quos

699 2887 909 2947 animo
965 2907 1165 2964 aequo
1221 2893 1504 2965 spectare
1574 2886 1885 2964 possimus
1908 2888 1939 2946 ἱ)
2023 2886 2187 2956 Quid
2255 2886 2468 2946 dicam
2548 2887 2633 2945 de

699 2985 998 3044 thesauro
1042 3003 1244 3043 rerum
1289 2984 1587 3058 omnium,
1630 2983 1979 3043 memoria?
2024 3002 2182 3060 quae
2226 2982 2352 3042 nisi
2394 2989 2631 3043 custos

699 3081 978 3140 inventis
1009 3081 1428 3158 cogitatisque
1463 3082 1644 3140 rebus
1675 3087 1741 3140 et
1770 3081 1975 3140 verbis
2005 3080 2397 3154 adhibeatur,
2435 3081 2633 3139 intel-

699 3177 964 3255 legimus
996 3177 1220 3253 omnia,
1252 3178 1447 3237 etiam
1478 3177 1530 3236 si
1560 3177 2061 3254 praeclarissima
2091 3177 2332 3236 fuerint
2369 3177 2443 3235 in
2490 3197 2634 3237 ora-

601 3289 652 3332 19
697 3282 853 3351 tore,
885 3276 1182 3353 peritura.
1269 3275 1471 3345 Quam
1509 3275 1588 3333 ob
1628 3293 1757 3332 rem
1790 3275 2001 3333 mirari
2037 3273 2422 3350 desinamus,
2459 3293 2633 3353 quae

698 3392 886 3433 causa
933 3373 1022 3433 sit
1069 3372 1499 3450 eloquentium
1559 3371 1909 3448 paucitatis,
1943 3391 2083 3430 cum
2138 3389 2221 3430 ex
2272 3371 2364 3430 eis
2427 3372 2632 3432 rebus

697 3471 1012 3531 universis
1043 3470 1400 3547 eloquentia
1436 3474 1699 3542 constet,
1731 3468 1795 3527 in
1836 3469 2060 3545 quibus
2097 3468 2368 3542 singulis
2410 3469 2635 3529 elabo-

705 3584 841 3626 rare
883 3585 1288 3645 permagnum
1332 3572 1452 3640 est,
1490 3565 1935 3640 hortemurque
1974 3566 2184 3641 potius
2228 3564 2472 3626 liberos
2520 3583 2635 3624 no-
