<?xml version="1.0" encoding="UTF-8"?>
<!DOCTYPE html PUBLIC "-//W3C//DTD XHTML 1.0 Transitional//EN"
    "http://www.w3.org/TR/xhtml1/DTD/xhtml1-transitional.dtd">
<html xmlns="http://www.w3.org/1999/xhtml" xml:lang="en" lang="en">
 <head>
  <title>
</title>
<meta http-equiv="Content-Type" content="text/html;charset=utf-8" />
  <meta name='ocr-system' content='tesseract 3.04.00' />
  <meta name='ocr-capabilities' content='ocr_page ocr_carea ocr_par ocr_line ocrx_word'/>
</head>
<body>
  <div class='ocr_page' id='page_1' title='image "./deoratoreliberp00cicegoog_0076.png"; bbox 0 0 2816 4097; ppageno 0'>
   <div class='ocr_carea' id='block_1_1' title="bbox 591 376 674 442">
    <p class='ocr_par' dir='ltr' id='par_1_1' title="bbox 591 376 674 442">
     <span class='ocr_line' id='line_1_1' title="bbox 591 376 674 442; baseline -0.012 0"><span class='ocrx_word' id='word_1_1' title='bbox 591 376 674 442; x_wconf 87' lang='lat'><strong>34</strong></span> 
     </span>
    </p>
   </div>
   <div class='ocr_carea' id='block_1_2' title="bbox 594 1257 678 1302">
    <p class='ocr_par' dir='ltr' id='par_1_2' title="bbox 594 1257 678 1302">
     <span class='ocr_line' id='line_1_2' title="bbox 594 1257 678 1302; baseline -0.012 0"><span class='ocrx_word' id='word_1_2' title='bbox 594 1257 678 1302; x_wconf 88' lang='lat'><strong>118</strong></span> 
     </span>
    </p>
   </div>
   <div class='ocr_carea' id='block_1_3' title="bbox 598 2330 683 2378">
    <p class='ocr_par' dir='ltr' id='par_1_3' title="bbox 598 2330 683 2378">
     <span class='ocr_line' id='line_1_3' title="bbox 598 2330 683 2378; baseline 0.047 -4"><span class='ocrx_word' id='word_1_3' title='bbox 598 2330 683 2378; x_wconf 87' lang='lat'><strong>119</strong></span> 
     </span>
    </p>
   </div>
   <div class='ocr_carea' id='block_1_4' title="bbox 602 3304 689 3348">
    <p class='ocr_par' dir='ltr' id='par_1_4' title="bbox 602 3304 689 3348">
     <span class='ocr_line' id='line_1_4' title="bbox 602 3304 689 3348; baseline 0.011 -1"><span class='ocrx_word' id='word_1_4' title='bbox 602 3304 689 3348; x_wconf 88' lang='grc'><strong>120</strong></span> 
     </span>
    </p>
   </div>
   <div class='ocr_carea' id='block_1_5' title="bbox 1247 372 2572 454">
    <p class='ocr_par' dir='ltr' id='par_1_5' title="bbox 1247 372 2572 454">
     <span class='ocr_line' id='line_1_5' title="bbox 1247 372 2572 454; baseline 0 -14"><span class='ocrx_word' id='word_1_5' title='bbox 1247 394 1318 440; x_wconf 86' lang='grc' dir='ltr'><strong>Μ.</strong></span> <span class='ocrx_word' id='word_1_6' title='bbox 1356 394 1556 441; x_wconf 77' lang='lat' dir='ltr'><strong>Tum</strong></span> <span class='ocrx_word' id='word_1_7' title='bbox 1598 372 1948 442; x_wconf 68' lang='lat' dir='ltr'><strong>memoras</strong></span> <span class='ocrx_word' id='word_1_8' title='bbox 2047 393 2181 454; x_wconf 76' lang='lat' dir='ltr'><strong>[Lm.</strong></span> <span class='ocrx_word' id='word_1_9' title='bbox 2206 395 2244 442; x_wconf 90' lang='lat'><strong>1.</strong></span> <span class='ocrx_word' id='word_1_10' title='bbox 2269 395 2397 442; x_wconf 65' lang='lat' dir='ltr'><strong>cu.</strong></span> <span class='ocrx_word' id='word_1_11' title='bbox 2419 395 2490 451; x_wconf 77' lang='lat'><strong>25,</strong></span> <span class='ocrx_word' id='word_1_12' title='bbox 2508 396 2572 440; x_wconf 76' lang='lat'><strong>25.</strong></span> 
     </span>
    </p>
   </div>
   <div class='ocr_carea' id='block_1_6' title="bbox 724 562 2596 3662">
    <p class='ocr_par' dir='ltr' id='par_1_6' title="bbox 724 562 2590 1209">
     <span class='ocr_line' id='line_1_6' title="bbox 724 562 2576 642; baseline -0.001 -20"><span class='ocrx_word' id='word_1_13' title='bbox 724 562 875 634; x_wconf 81' lang='lat' dir='ltr'><strong>Quis</strong></span> <span class='ocrx_word' id='word_1_14' title='bbox 918 562 1086 622; x_wconf 91' lang='lat' dir='ltr'><strong>enim</strong></span> <span class='ocrx_word' id='word_1_15' title='bbox 1128 581 1253 622; x_wconf 87' lang='lat' dir='ltr'><strong>non</strong></span> <span class='ocrx_word' id='word_1_16' title='bbox 1299 563 1475 624; x_wconf 85' lang='lat' dir='ltr'><strong>videt</strong></span> <span class='ocrx_word' id='word_1_17' title='bbox 1518 564 1582 624; x_wconf 89' lang='lat' dir='ltr'><strong>C.</strong></span> <span class='ocrx_word' id='word_1_18' title='bbox 1631 563 1862 638; x_wconf 87' lang='lat' dir='ltr'><strong>Caeli0‚</strong></span> <span class='ocrx_word' id='word_1_19' title='bbox 1893 563 2143 642; x_wconf 89' lang='lat' dir='ltr'><strong>aequali</strong></span> <span class='ocrx_word' id='word_1_20' title='bbox 2186 582 2341 639; x_wconf 86' lang='lat' dir='ltr'><strong>me0,</strong></span> <span class='ocrx_word' id='word_1_21' title='bbox 2371 582 2576 640; x_wconf 88' lang='lat' dir='ltr'><strong>magno</strong></span> 
     </span>
     <span class='ocr_line' id='line_1_7' title="bbox 724 659 2579 739; baseline -0.001 -19"><span class='ocrx_word' id='word_1_22' title='bbox 724 659 946 720; x_wconf 88' lang='lat' dir='ltr'><strong>honori</strong></span> <span class='ocrx_word' id='word_1_23' title='bbox 974 660 1191 734; x_wconf 85' lang='lat' dir='ltr'><strong>fuisse,</strong></span> <span class='ocrx_word' id='word_1_24' title='bbox 1237 661 1480 720; x_wconf 91' lang='lat' dir='ltr'><strong>homini</strong></span> <span class='ocrx_word' id='word_1_25' title='bbox 1529 681 1709 736; x_wconf 75' lang='grc' dir='ltr'>ῐιονο,</span> <span class='ocrx_word' id='word_1_26' title='bbox 1755 661 1931 720; x_wconf 90' lang='lat' dir='ltr'><strong>illam</strong></span> <span class='ocrx_word' id='word_1_27' title='bbox 1982 661 2199 738; x_wconf 84' lang='lat' dir='ltr'><strong>ipsam,</strong></span> <span class='ocrx_word' id='word_1_28' title='bbox 2245 679 2579 739; x_wconf 88' lang='lat' dir='ltr'><strong>quamcum-</strong></span> 
     </span>
     <span class='ocr_line' id='line_1_8' title="bbox 725 757 2580 836; baseline -0.002 -18"><span class='ocrx_word' id='word_1_29' title='bbox 725 777 845 836; x_wconf 92' lang='lat' dir='ltr'><strong>que</strong></span> <span class='ocrx_word' id='word_1_30' title='bbox 909 757 1172 835; x_wconf 84' lang='lat' dir='ltr'>adsequi</span> <span class='ocrx_word' id='word_1_31' title='bbox 1235 758 1531 836; x_wconf 88' lang='lat' dir='ltr'><strong>potuerit,</strong></span> <span class='ocrx_word' id='word_1_32' title='bbox 1592 759 1660 817; x_wconf 90' lang='lat' dir='ltr'><strong>in</strong></span> <span class='ocrx_word' id='word_1_33' title='bbox 1721 758 1983 819; x_wconf 89' lang='lat' dir='ltr'><strong>dicendo</strong></span> <span class='ocrx_word' id='word_1_34' title='bbox 2045 759 2580 819; x_wconf 77' lang='lat' dir='ltr'><strong>mediocritatem?</strong></span> 
     </span>
     <span class='ocr_line' id='line_1_9' title="bbox 726 855 2583 933; baseline 0 -19"><span class='ocrx_word' id='word_1_35' title='bbox 726 855 878 926; x_wconf 85' lang='lat' dir='ltr'><strong>Quis</strong></span> <span class='ocrx_word' id='word_1_36' title='bbox 906 863 1189 917; x_wconf 84' lang='lat' dir='ltr'><strong>vestrum</strong></span> <span class='ocrx_word' id='word_1_37' title='bbox 1218 856 1560 933; x_wconf 87' lang='lat' dir='ltr'><strong>aequalem,</strong></span> <span class='ocrx_word' id='word_1_38' title='bbox 1592 856 1660 926; x_wconf 82' lang='lat' dir='ltr'><strong>Q.</strong></span> <span class='ocrx_word' id='word_1_39' title='bbox 1685 856 1966 931; x_wconf 88' lang='lat' dir='ltr'><strong>Varium,</strong></span> <span class='ocrx_word' id='word_1_40' title='bbox 1998 863 2247 916; x_wconf 85' lang='lat' dir='ltr'><strong>vastum</strong></span> <span class='ocrx_word' id='word_1_41' title='bbox 2283 855 2583 915; x_wconf 87' lang='lat' dir='ltr'><strong>hominem</strong></span> 
     </span>
     <span class='ocr_line' id='line_1_10' title="bbox 727 952 2583 1030; baseline 0 -19"><span class='ocrx_word' id='word_1_42' title='bbox 727 959 914 1030; x_wconf 90' lang='lat' dir='ltr'><strong>atque</strong></span> <span class='ocrx_word' id='word_1_43' title='bbox 983 953 1255 1027; x_wconf 85' lang='lat' dir='ltr'><strong>foedum,</strong></span> <span class='ocrx_word' id='word_1_44' title='bbox 1322 971 1446 1012; x_wconf 90' lang='lat' dir='ltr'><strong>non</strong></span> <span class='ocrx_word' id='word_1_45' title='bbox 1511 952 1828 1029; x_wconf 84' lang='lat' dir='ltr'><strong>intellegit</strong></span> <span class='ocrx_word' id='word_1_46' title='bbox 1887 953 2002 1012; x_wconf 91' lang='lat' dir='ltr'><strong>illa</strong></span> <span class='ocrx_word' id='word_1_47' title='bbox 2069 954 2209 1030; x_wconf 89' lang='lat' dir='ltr'><strong>ipsa</strong></span> <span class='ocrx_word' id='word_1_48' title='bbox 2276 953 2583 1026; x_wconf 74' lang='lat' dir='ltr'><strong>facultate,</strong></span> 
     </span>
     <span class='ocr_line' id='line_1_11' title="bbox 728 1050 2590 1128; baseline 0.001 -20"><span class='ocrx_word' id='word_1_49' title='bbox 728 1069 1181 1128; x_wconf 77' lang='lat' dir='ltr'><strong>quamcumque</strong></span> <span class='ocrx_word' id='word_1_50' title='bbox 1229 1050 1468 1124; x_wconf 87' lang='lat' dir='ltr'><strong>habuit,</strong></span> <span class='ocrx_word' id='word_1_51' title='bbox 1516 1069 1807 1126; x_wconf 85' lang='lat' dir='ltr'><strong>magnam</strong></span> <span class='ocrx_word' id='word_1_52' title='bbox 1853 1069 1990 1112; x_wconf 89' lang='lat' dir='ltr'><strong>esse</strong></span> <span class='ocrx_word' id='word_1_53' title='bbox 2041 1051 2110 1110; x_wconf 88' lang='lat' dir='ltr'><strong>in</strong></span> <span class='ocrx_word' id='word_1_54' title='bbox 2157 1050 2417 1111; x_wconf 80' lang='lat' dir='ltr'><strong>civitate</strong></span> <span class='ocrx_word' id='word_1_55' title='bbox 2473 1069 2590 1127; x_wconf 70' lang='lat' dir='ltr'><strong>gra</strong></span> 
     </span>
     <span class='ocr_line' id='line_1_12' title="bbox 726 1147 1361 1209; baseline 0.005 -4"><span class='ocrx_word' id='word_1_56' title='bbox 726 1147 881 1207; x_wconf 90' lang='lat' dir='ltr'><strong>tiam</strong></span> <span class='ocrx_word' id='word_1_57' title='bbox 908 1155 1313 1209; x_wconf 89' lang='lat' dir='ltr'><strong>consecutum</strong></span> <span class='ocrx_word' id='word_1_58' title='bbox 1330 1151 1361 1208; x_wconf 89' lang='lat'>?</span> 
     </span>
    </p>

    <p class='ocr_par' dir='ltr' id='par_1_7' title="bbox 727 1245 2596 3662">
     <span class='ocr_line' id='line_1_13' title="bbox 807 1245 2590 1325; baseline -0.001 -20"><span class='ocrx_word' id='word_1_59' title='bbox 807 1245 903 1306; x_wconf 84' lang='lat'><strong>26.</strong></span> <span class='ocrx_word' id='word_1_60' title='bbox 952 1246 1077 1306; x_wconf 87' lang='lat' dir='ltr'><strong>Sed</strong></span> <span class='ocrx_word' id='word_1_61' title='bbox 1118 1247 1268 1324; x_wconf 90' lang='lat' dir='ltr'><strong>quia</strong></span> <span class='ocrx_word' id='word_1_62' title='bbox 1309 1247 1384 1306; x_wconf 89' lang='lat' dir='ltr'><strong>de</strong></span> <span class='ocrx_word' id='word_1_63' title='bbox 1430 1253 1676 1306; x_wconf 88' lang='lat' dir='ltr'><strong>oratore</strong></span> <span class='ocrx_word' id='word_1_64' title='bbox 1719 1247 2099 1325; x_wconf 84' lang='lat' dir='ltr'><strong>quaerimus,</strong></span> <span class='ocrx_word' id='word_1_65' title='bbox 2130 1247 2462 1322; x_wconf 88' lang='lat' dir='ltr'><strong>fingendus</strong></span> <span class='ocrx_word' id='word_1_66' title='bbox 2503 1251 2590 1304; x_wconf 88' lang='lat' dir='ltr'><strong>est</strong></span> 
     </span>
     <span class='ocr_line' id='line_1_14' title="bbox 727 1345 2593 1409; baseline 0 -8"><span class='ocrx_word' id='word_1_67' title='bbox 727 1345 906 1404; x_wconf 88' lang='lat' dir='ltr'><strong>nobis</strong></span> <span class='ocrx_word' id='word_1_68' title='bbox 936 1345 1217 1404; x_wconf 87' lang='lat' dir='ltr'><strong>oratione</strong></span> <span class='ocrx_word' id='word_1_69' title='bbox 1260 1352 1480 1406; x_wconf 88' lang='lat' dir='ltr'><strong>nostra</strong></span> <span class='ocrx_word' id='word_1_70' title='bbox 1522 1346 1820 1406; x_wconf 88' lang='lat' dir='ltr'><strong>detractis</strong></span> <span class='ocrx_word' id='word_1_71' title='bbox 1864 1345 2151 1409; x_wconf 89' lang='lat' dir='ltr'><strong>omnibus</strong></span> <span class='ocrx_word' id='word_1_72' title='bbox 2181 1345 2356 1406; x_wconf 86' lang='lat' dir='ltr'><strong>vitiis</strong></span> <span class='ocrx_word' id='word_1_73' title='bbox 2395 1352 2593 1405; x_wconf 87' lang='lat' dir='ltr'><strong>orator</strong></span> 
     </span>
     <span class='ocr_line' id='line_1_15' title="bbox 728 1441 2594 1520; baseline -0.001 -19"><span class='ocrx_word' id='word_1_74' title='bbox 728 1447 916 1518; x_wconf 90' lang='lat' dir='ltr'><strong>atque</strong></span> <span class='ocrx_word' id='word_1_75' title='bbox 945 1442 1115 1501; x_wconf 91' lang='lat' dir='ltr'><strong>omni</strong></span> <span class='ocrx_word' id='word_1_76' title='bbox 1157 1441 1341 1502; x_wconf 87' lang='lat' dir='ltr'><strong>laude</strong></span> <span class='ocrx_word' id='word_1_77' title='bbox 1384 1442 1754 1503; x_wconf 71' lang='lat' dir='ltr'><strong>cumulatus</strong></span> <span class='ocrx_word' id='word_1_78' title='bbox 1841 1444 2065 1520; x_wconf 86' lang='lat' dir='ltr'><strong>Neque</strong></span> <span class='ocrx_word' id='word_1_79' title='bbox 2094 1443 2278 1517; x_wconf 92' lang='lat' dir='ltr'><strong>enim,</strong></span> <span class='ocrx_word' id='word_1_80' title='bbox 2313 1443 2365 1502; x_wconf 90' lang='lat' dir='ltr'><strong>si</strong></span> <span class='ocrx_word' id='word_1_81' title='bbox 2397 1441 2594 1501; x_wconf 92' lang='lat' dir='ltr'><strong>multi-</strong></span> 
     </span>
     <span class='ocr_line' id='line_1_16' title="bbox 728 1539 2594 1614; baseline -0.001 -17"><span class='ocrx_word' id='word_1_82' title='bbox 728 1539 882 1598; x_wconf 91' lang='lat' dir='ltr'><strong>tudo</strong></span> <span class='ocrx_word' id='word_1_83' title='bbox 937 1539 1169 1614; x_wconf 87' lang='lat' dir='ltr'><strong>litium,</strong></span> <span class='ocrx_word' id='word_1_84' title='bbox 1214 1540 1270 1599; x_wconf 89' lang='lat' dir='ltr'><strong>si</strong></span> <span class='ocrx_word' id='word_1_85' title='bbox 1312 1541 1585 1600; x_wconf 84' lang='lat' dir='ltr'><strong>varietas</strong></span> <span class='ocrx_word' id='word_1_86' title='bbox 1629 1559 1974 1614; x_wconf 90' lang='lat' dir='ltr'><strong>causarum,</strong></span> <span class='ocrx_word' id='word_1_87' title='bbox 2023 1540 2078 1600; x_wconf 91' lang='lat' dir='ltr'><strong>si</strong></span> <span class='ocrx_word' id='word_1_88' title='bbox 2117 1540 2272 1599; x_wconf 87' lang='lat' dir='ltr'><strong>haec</strong></span> <span class='ocrx_word' id='word_1_89' title='bbox 2314 1541 2504 1600; x_wconf 85' lang='lat' dir='ltr'><strong>turba</strong></span> <span class='ocrx_word' id='word_1_90' title='bbox 2539 1544 2594 1598; x_wconf 88' lang='lat' dir='ltr'><strong>et</strong></span> 
     </span>
     <span class='ocr_line' id='line_1_17' title="bbox 727 1636 2594 1698; baseline -0.001 -3"><span class='ocrx_word' id='word_1_91' title='bbox 727 1636 1016 1696; x_wconf 86' lang='lat' dir='ltr'><strong>barbaria</strong></span> <span class='ocrx_word' id='word_1_92' title='bbox 1058 1638 1326 1698; x_wconf 86' lang='lat' dir='ltr'><strong>forensis</strong></span> <span class='ocrx_word' id='word_1_93' title='bbox 1371 1639 1481 1697; x_wconf 87' lang='lat' dir='ltr'><strong>dat</strong></span> <span class='ocrx_word' id='word_1_94' title='bbox 1523 1638 1728 1698; x_wconf 91' lang='lat' dir='ltr'><strong>locum</strong></span> <span class='ocrx_word' id='word_1_95' title='bbox 1758 1638 1860 1697; x_wconf 87' lang='lat' dir='ltr'><strong>vel</strong></span> <span class='ocrx_word' id='word_1_96' title='bbox 1889 1637 2322 1698; x_wconf 75' lang='lat' dir='ltr'><strong>vitiosissimis</strong></span> <span class='ocrx_word' id='word_1_97' title='bbox 2352 1637 2594 1696; x_wconf 89' lang='lat' dir='ltr'><strong>oratori-</strong></span> 
     </span>
     <span class='ocr_line' id='line_1_18' title="bbox 728 1733 2591 1813; baseline -0.001 -21"><span class='ocrx_word' id='word_1_98' title='bbox 728 1733 862 1809; x_wconf 81' lang='lat' dir='ltr'><strong>buS,</strong></span> <span class='ocrx_word' id='word_1_99' title='bbox 910 1734 1141 1793; x_wconf 90' lang='lat' dir='ltr'><strong>idcirco</strong></span> <span class='ocrx_word' id='word_1_100' title='bbox 1196 1753 1310 1795; x_wconf 89' lang='lat' dir='ltr'><strong>nos</strong></span> <span class='ocrx_word' id='word_1_101' title='bbox 1365 1734 1501 1809; x_wconf 90' lang='lat' dir='ltr'><strong>hoc,</strong></span> <span class='ocrx_word' id='word_1_102' title='bbox 1562 1736 1731 1813; x_wconf 90' lang='lat' dir='ltr'><strong>quod</strong></span> <span class='ocrx_word' id='word_1_103' title='bbox 1787 1735 2159 1813; x_wconf 79' lang='lat' dir='ltr'><strong>quaerimuS,</strong></span> <span class='ocrx_word' id='word_1_104' title='bbox 2217 1734 2591 1794; x_wconf 70' lang='lat' dir='ltr'><strong>omittemus</strong></span> 
     </span>
     <span class='ocr_line' id='line_1_19' title="bbox 731 1831 2596 1909; baseline -0.001 -20"><span class='ocrx_word' id='word_1_105' title='bbox 731 1831 957 1907; x_wconf 92' lang='lat' dir='ltr'><strong>Itaque</strong></span> <span class='ocrx_word' id='word_1_106' title='bbox 986 1831 1054 1890; x_wconf 89' lang='lat' dir='ltr'><strong>in</strong></span> <span class='ocrx_word' id='word_1_107' title='bbox 1081 1831 1171 1890; x_wconf 90' lang='lat' dir='ltr'><strong>eis</strong></span> <span class='ocrx_word' id='word_1_108' title='bbox 1203 1832 1464 1907; x_wconf 89' lang='lat' dir='ltr'><strong>artibus,</strong></span> <span class='ocrx_word' id='word_1_109' title='bbox 1497 1833 1564 1891; x_wconf 89' lang='lat' dir='ltr'><strong>in</strong></span> <span class='ocrx_word' id='word_1_110' title='bbox 1592 1833 1822 1909; x_wconf 89' lang='lat' dir='ltr'><strong>quibus</strong></span> <span class='ocrx_word' id='word_1_111' title='bbox 1851 1852 1973 1891; x_wconf 89' lang='lat' dir='ltr'><strong>non</strong></span> <span class='ocrx_word' id='word_1_112' title='bbox 2004 1831 2252 1893; x_wconf 89' lang='lat' dir='ltr'><strong>utilitas</strong></span> <span class='ocrx_word' id='word_1_113' title='bbox 2279 1832 2596 1908; x_wconf 88' lang='lat' dir='ltr'><strong>quaeritur</strong></span> 
     </span>
     <span class='ocr_line' id='line_1_20' title="bbox 731 1928 2592 2007; baseline 0 -22"><span class='ocrx_word' id='word_1_114' title='bbox 731 1929 1098 2003; x_wconf 89' lang='lat' dir='ltr'><strong>necessaria,</strong></span> <span class='ocrx_word' id='word_1_115' title='bbox 1160 1930 1270 1988; x_wconf 90' lang='lat' dir='ltr'><strong>sed</strong></span> <span class='ocrx_word' id='word_1_116' title='bbox 1339 1929 1534 1989; x_wconf 89' lang='lat' dir='ltr'><strong>animi</strong></span> <span class='ocrx_word' id='word_1_117' title='bbox 1602 1930 1801 1989; x_wconf 86' lang='lat' dir='ltr'><strong>libera</strong></span> <span class='ocrx_word' id='word_1_118' title='bbox 1872 1929 2178 2007; x_wconf 88' lang='lat' dir='ltr'><strong>quaedam</strong></span> <span class='ocrx_word' id='word_1_119' title='bbox 2249 1928 2592 1999; x_wconf 81' lang='lat' dir='ltr'><strong>oblectatiO,</strong></span> 
     </span>
     <span class='ocr_line' id='line_1_21' title="bbox 731 2025 2594 2106; baseline -0.002 -21"><span class='ocrx_word' id='word_1_120' title='bbox 731 2044 920 2103; x_wconf 89' lang='lat' dir='ltr'><strong>quam</strong></span> <span class='ocrx_word' id='word_1_121' title='bbox 950 2025 1283 2103; x_wconf 75' lang='lat' dir='ltr'><strong>diligenter</strong></span> <span class='ocrx_word' id='word_1_122' title='bbox 1314 2033 1378 2087; x_wconf 88' lang='lat' dir='ltr'><strong>et</strong></span> <span class='ocrx_word' id='word_1_123' title='bbox 1406 2045 1596 2105; x_wconf 90' lang='lat' dir='ltr'><strong>quam</strong></span> <span class='ocrx_word' id='word_1_124' title='bbox 1625 2046 1817 2106; x_wconf 87' lang='lat' dir='ltr'><strong>prope</strong></span> <span class='ocrx_word' id='word_1_125' title='bbox 1863 2026 2194 2097; x_wconf 83' lang='lat' dir='ltr'><strong>fastidiose</strong></span> <span class='ocrx_word' id='word_1_126' title='bbox 2223 2025 2594 2087; x_wconf 79' lang='lat' dir='ltr'><strong>iudicamus!</strong></span> 
     </span>
     <span class='ocr_line' id='line_1_22' title="bbox 731 2123 2594 2202; baseline -0.001 -20"><span class='ocrx_word' id='word_1_127' title='bbox 731 2123 963 2184; x_wconf 87' lang='lat' dir='ltr'><strong>Nullae</strong></span> <span class='ocrx_word' id='word_1_128' title='bbox 1018 2125 1188 2183; x_wconf 90' lang='lat' dir='ltr'><strong>enim</strong></span> <span class='ocrx_word' id='word_1_129' title='bbox 1242 2123 1391 2185; x_wconf 88' lang='lat' dir='ltr'><strong>lites</strong></span> <span class='ocrx_word' id='word_1_130' title='bbox 1446 2143 1650 2202; x_wconf 88' lang='lat' dir='ltr'><strong>neque</strong></span> <span class='ocrx_word' id='word_1_131' title='bbox 1704 2125 2165 2185; x_wconf 87' lang='lat' dir='ltr'><strong>controversiae</strong></span> <span class='ocrx_word' id='word_1_132' title='bbox 2221 2130 2387 2199; x_wconf 89' lang='lat' dir='ltr'><strong>sunt,</strong></span> <span class='ocrx_word' id='word_1_133' title='bbox 2448 2140 2594 2201; x_wconf 84' lang='lat' dir='ltr'><strong>quae</strong></span> 
     </span>
     <span class='ocr_line' id='line_1_23' title="bbox 730 2222 2590 2299; baseline -0.002 -18"><span class='ocrx_word' id='word_1_134' title='bbox 730 2228 957 2299; x_wconf 89' lang='lat' dir='ltr'><strong>cogant</strong></span> <span class='ocrx_word' id='word_1_135' title='bbox 1011 2222 1295 2281; x_wconf 88' lang='lat' dir='ltr'><strong>homines</strong></span> <span class='ocrx_word' id='word_1_136' title='bbox 1353 2222 1518 2281; x_wconf 91' lang='lat' dir='ltr'><strong>sicut</strong></span> <span class='ocrx_word' id='word_1_137' title='bbox 1575 2222 1642 2280; x_wconf 90' lang='lat' dir='ltr'><strong>in</strong></span> <span class='ocrx_word' id='word_1_138' title='bbox 1699 2223 1838 2281; x_wconf 83' lang='lat' dir='ltr'><strong>foro</strong></span> <span class='ocrx_word' id='word_1_139' title='bbox 1883 2242 2010 2281; x_wconf 90' lang='lat' dir='ltr'><strong>non</strong></span> <span class='ocrx_word' id='word_1_140' title='bbox 2066 2222 2261 2281; x_wconf 89' lang='lat' dir='ltr'><strong>bonos</strong></span> <span class='ocrx_word' id='word_1_141' title='bbox 2303 2226 2590 2292; x_wconf 82' lang='lat' dir='ltr'><strong>oratoreS,</strong></span> 
     </span>
     <span class='ocr_line' id='line_1_24' title="bbox 733 2318 2596 2397; baseline -0.002 -19"><span class='ocrx_word' id='word_1_142' title='bbox 733 2320 884 2380; x_wconf 90' lang='lat' dir='ltr'><strong>item</strong></span> <span class='ocrx_word' id='word_1_143' title='bbox 934 2321 1002 2379; x_wconf 90' lang='lat' dir='ltr'><strong>in</strong></span> <span class='ocrx_word' id='word_1_144' title='bbox 1050 2320 1299 2379; x_wconf 87' lang='lat' dir='ltr'><strong>theatro</strong></span> <span class='ocrx_word' id='word_1_145' title='bbox 1350 2325 1592 2379; x_wconf 84' lang='lat' dir='ltr'><strong>actores</strong></span> <span class='ocrx_word' id='word_1_146' title='bbox 1645 2320 1840 2380; x_wconf 90' lang='lat' dir='ltr'><strong>malos</strong></span> <span class='ocrx_word' id='word_1_147' title='bbox 1891 2319 2152 2397; x_wconf 87' lang='lat' dir='ltr'><strong>perpeti.</strong></span> <span class='ocrx_word' id='word_1_148' title='bbox 2238 2319 2356 2377; x_wconf 87' lang='lat' dir='ltr'><strong>Est</strong></span> <span class='ocrx_word' id='word_1_149' title='bbox 2412 2318 2596 2395; x_wconf 86' lang='lat' dir='ltr'><strong>igitur</strong></span> 
     </span>
     <span class='ocr_line' id='line_1_25' title="bbox 732 2414 2595 2494; baseline -0.003 -17"><span class='ocrx_word' id='word_1_150' title='bbox 732 2419 969 2477; x_wconf 87' lang='lat' dir='ltr'><strong>oratori</strong></span> <span class='ocrx_word' id='word_1_151' title='bbox 1038 2418 1374 2493; x_wconf 85' lang='lat' dir='ltr'><strong>diligenter</strong></span> <span class='ocrx_word' id='word_1_152' title='bbox 1437 2416 1912 2494; x_wconf 80' lang='lat' dir='ltr'><strong>providendum,</strong></span> <span class='ocrx_word' id='word_1_153' title='bbox 1972 2435 2098 2476; x_wconf 90' lang='lat' dir='ltr'><strong>non</strong></span> <span class='ocrx_word' id='word_1_154' title='bbox 2153 2416 2248 2475; x_wconf 88' lang='lat' dir='ltr'><strong>uti</strong></span> <span class='ocrx_word' id='word_1_155' title='bbox 2303 2416 2394 2475; x_wconf 89' lang='lat' dir='ltr'><strong>eis</strong></span> <span class='ocrx_word' id='word_1_156' title='bbox 2452 2414 2595 2475; x_wconf 88' lang='lat' dir='ltr'><strong>satis</strong></span> 
     </span>
     <span class='ocr_line' id='line_1_26' title="bbox 732 2513 2595 2593; baseline -0.003 -18"><span class='ocrx_word' id='word_1_157' title='bbox 732 2516 943 2590; x_wconf 85' lang='lat' dir='ltr'><strong>faciat,</strong></span> <span class='ocrx_word' id='word_1_158' title='bbox 977 2516 1205 2593; x_wconf 87' lang='lat' dir='ltr'><strong>quibus</strong></span> <span class='ocrx_word' id='word_1_159' title='bbox 1247 2533 1501 2574; x_wconf 88' lang='lat' dir='ltr'><strong>necesse</strong></span> <span class='ocrx_word' id='word_1_160' title='bbox 1539 2520 1656 2588; x_wconf 91' lang='lat' dir='ltr'><strong>est,</strong></span> <span class='ocrx_word' id='word_1_161' title='bbox 1689 2514 1798 2573; x_wconf 88' lang='lat' dir='ltr'><strong>sed</strong></span> <span class='ocrx_word' id='word_1_162' title='bbox 1827 2519 1899 2572; x_wconf 91' lang='lat' dir='ltr'><strong>ut</strong></span> <span class='ocrx_word' id='word_1_163' title='bbox 1933 2514 2022 2573; x_wconf 90' lang='lat' dir='ltr'><strong>eis</strong></span> <span class='ocrx_word' id='word_1_164' title='bbox 2052 2513 2440 2573; x_wconf 88' lang='lat' dir='ltr'><strong>admirabilis</strong></span> <span class='ocrx_word' id='word_1_165' title='bbox 2470 2528 2595 2572; x_wconf 87' lang='lat' dir='ltr'><strong>esse</strong></span> 
     </span>
     <span class='ocr_line' id='line_1_27' title="bbox 731 2611 2592 2690; baseline -0.002 -18"><span class='ocrx_word' id='word_1_166' title='bbox 731 2614 1039 2688; x_wconf 86' lang='lat' dir='ltr'><strong>videatur,</strong></span> <span class='ocrx_word' id='word_1_167' title='bbox 1070 2613 1298 2690; x_wconf 90' lang='lat' dir='ltr'><strong>quibus</strong></span> <span class='ocrx_word' id='word_1_168' title='bbox 1343 2612 1539 2672; x_wconf 89' lang='lat' dir='ltr'><strong>libere</strong></span> <span class='ocrx_word' id='word_1_169' title='bbox 1581 2611 1770 2672; x_wconf 87' lang='lat' dir='ltr'><strong>liceat</strong></span> <span class='ocrx_word' id='word_1_170' title='bbox 1811 2611 2102 2670; x_wconf 88' lang='lat' dir='ltr'><strong>iudicare.</strong></span> <span class='ocrx_word' id='word_1_171' title='bbox 2189 2611 2300 2685; x_wconf 90' lang='lat' dir='ltr'><strong>Ac,</strong></span> <span class='ocrx_word' id='word_1_172' title='bbox 2333 2611 2387 2670; x_wconf 90' lang='lat' dir='ltr'><strong>si</strong></span> <span class='ocrx_word' id='word_1_173' title='bbox 2423 2627 2592 2687; x_wconf 89' lang='lat' dir='ltr'><strong>quae·</strong></span> 
     </span>
     <span class='ocr_line' id='line_1_28' title="bbox 732 2707 2595 2788; baseline -0.002 -19"><span class='ocrx_word' id='word_1_174' title='bbox 732 2710 873 2769; x_wconf 87' lang='lat' dir='ltr'><strong>ritis</strong></span> <span class='ocrx_word' id='word_1_175' title='bbox 916 2710 1101 2787; x_wconf 90' lang='lat' dir='ltr'><strong>plane</strong></span> <span class='ocrx_word' id='word_1_176' title='bbox 1152 2710 1300 2788; x_wconf 90' lang='lat' dir='ltr'><strong>quid</strong></span> <span class='ocrx_word' id='word_1_177' title='bbox 1362 2710 1649 2783; x_wconf 88' lang='lat' dir='ltr'><strong>sentiam,</strong></span> <span class='ocrx_word' id='word_1_178' title='bbox 1708 2708 2048 2767; x_wconf 85' lang='lat' dir='ltr'><strong>enuntiabo</strong></span> <span class='ocrx_word' id='word_1_179' title='bbox 2104 2708 2272 2785; x_wconf 90' lang='lat' dir='ltr'><strong>apud</strong></span> <span class='ocrx_word' id='word_1_180' title='bbox 2320 2707 2595 2767; x_wconf 86' lang='lat' dir='ltr'><strong>homines</strong></span> 
     </span>
     <span class='ocr_line' id='line_1_29' title="bbox 734 2805 2596 2885; baseline -0.002 -20"><span class='ocrx_word' id='word_1_181' title='bbox 734 2806 1282 2881; x_wconf 82' lang='lat' dir='ltr'><strong>familiarissimOS,</strong></span> <span class='ocrx_word' id='word_1_182' title='bbox 1324 2807 1495 2885; x_wconf 92' lang='lat' dir='ltr'><strong>quod</strong></span> <span class='ocrx_word' id='word_1_183' title='bbox 1541 2805 1744 2866; x_wconf 88' lang='lat' dir='ltr'><strong>adhuc</strong></span> <span class='ocrx_word' id='word_1_184' title='bbox 1791 2824 2038 2883; x_wconf 90' lang='lat' dir='ltr'><strong>semper</strong></span> <span class='ocrx_word' id='word_1_185' title='bbox 2079 2806 2248 2865; x_wconf 90' lang='lat' dir='ltr'><strong>tacui</strong></span> <span class='ocrx_word' id='word_1_186' title='bbox 2297 2811 2362 2864; x_wconf 93' lang='lat' dir='ltr'><strong>et</strong></span> <span class='ocrx_word' id='word_1_187' title='bbox 2405 2811 2596 2864; x_wconf 89' lang='lat' dir='ltr'><strong>tacen-</strong></span> 
     </span>
     <span class='ocr_line' id='line_1_30' title="bbox 735 2901 2594 2980; baseline -0.003 -17"><span class='ocrx_word' id='word_1_188' title='bbox 735 2904 884 2963; x_wconf 91' lang='lat' dir='ltr'><strong>dum</strong></span> <span class='ocrx_word' id='word_1_189' title='bbox 927 2905 1163 2980; x_wconf 89' lang='lat' dir='ltr'><strong>putavi.</strong></span> <span class='ocrx_word' id='word_1_190' title='bbox 1251 2904 1433 2978; x_wconf 90' lang='lat' dir='ltr'><strong>Mihi,</strong></span> <span class='ocrx_word' id='word_1_191' title='bbox 1467 2905 1658 2965; x_wconf 89' lang='lat' dir='ltr'><strong>etiam</strong></span> <span class='ocrx_word' id='word_1_192' title='bbox 1702 2903 1810 2980; x_wconf 91' lang='lat' dir='ltr'><strong>qui</strong></span> <span class='ocrx_word' id='word_1_193' title='bbox 1854 2903 2090 2980; x_wconf 90' lang='lat' dir='ltr'><strong>optime</strong></span> <span class='ocrx_word' id='word_1_194' title='bbox 2126 2902 2343 2962; x_wconf 89' lang='lat' dir='ltr'><strong>dicunt</strong></span> <span class='ocrx_word' id='word_1_195' title='bbox 2373 2901 2594 2979; x_wconf 89' lang='lat' dir='ltr'><strong>quique</strong></span> 
     </span>
     <span class='ocr_line' id='line_1_31' title="bbox 734 3000 2592 3077; baseline -0.002 -20"><span class='ocrx_word' id='word_1_196' title='bbox 734 3000 801 3059; x_wconf 91' lang='lat' dir='ltr'><strong>id</strong></span> <span class='ocrx_word' id='word_1_197' title='bbox 842 3000 1143 3059; x_wconf 82' lang='lat' dir='ltr'><strong>facillime</strong></span> <span class='ocrx_word' id='word_1_198' title='bbox 1174 3007 1362 3077; x_wconf 89' lang='lat' dir='ltr'><strong>atque</strong></span> <span class='ocrx_word' id='word_1_199' title='bbox 1392 3001 1792 3061; x_wconf 88' lang='lat' dir='ltr'><strong>ornatissime</strong></span> <span class='ocrx_word' id='word_1_200' title='bbox 1828 3000 2032 3059; x_wconf 82' lang='lat' dir='ltr'><strong>facere</strong></span> <span class='ocrx_word' id='word_1_201' title='bbox 2063 3006 2342 3077; x_wconf 89' lang='lat' dir='ltr'><strong>possunt,</strong></span> <span class='ocrx_word' id='word_1_202' title='bbox 2374 3007 2592 3069; x_wconf 86' lang='lat' dir='ltr'><strong>tamen,</strong></span> 
     </span>
     <span class='ocr_line' id='line_1_32' title="bbox 733 3094 2596 3158; baseline -0.002 -3"><span class='ocrx_word' id='word_1_203' title='bbox 733 3097 857 3157; x_wconf 87' lang='lat' dir='ltr'><strong>nisi</strong></span> <span class='ocrx_word' id='word_1_204' title='bbox 901 3095 1122 3155; x_wconf 89' lang='lat' dir='ltr'><strong>timide</strong></span> <span class='ocrx_word' id='word_1_205' title='bbox 1166 3098 1245 3156; x_wconf 90' lang='lat' dir='ltr'><strong>ad</strong></span> <span class='ocrx_word' id='word_1_206' title='bbox 1292 3098 1627 3158; x_wconf 89' lang='lat' dir='ltr'><strong>dicendum</strong></span> <span class='ocrx_word' id='word_1_207' title='bbox 1669 3098 1972 3157; x_wconf 88' lang='lat' dir='ltr'><strong>accedunt</strong></span> <span class='ocrx_word' id='word_1_208' title='bbox 2014 3103 2079 3156; x_wconf 92' lang='lat' dir='ltr'><strong>et</strong></span> <span class='ocrx_word' id='word_1_209' title='bbox 2121 3097 2188 3154; x_wconf 87' lang='lat' dir='ltr'><strong>in</strong></span> <span class='ocrx_word' id='word_1_210' title='bbox 2229 3094 2596 3155; x_wconf 83' lang='lat' dir='ltr'><strong>exordienda</strong></span> 
     </span>
     <span class='ocr_line' id='line_1_33' title="bbox 736 3193 2592 3273; baseline -0.001 -20"><span class='ocrx_word' id='word_1_211' title='bbox 736 3194 1018 3253; x_wconf 88' lang='lat' dir='ltr'><strong>oratione</strong></span> <span class='ocrx_word' id='word_1_212' title='bbox 1070 3195 1531 3270; x_wconf 86' lang='lat' dir='ltr'><strong>perturbantur,</strong></span> <span class='ocrx_word' id='word_1_213' title='bbox 1581 3214 1777 3273; x_wconf 90' lang='lat' dir='ltr'><strong>paene</strong></span> <span class='ocrx_word' id='word_1_214' title='bbox 1833 3194 2230 3271; x_wconf 88' lang='lat' dir='ltr'><strong>impudentes</strong></span> <span class='ocrx_word' id='word_1_215' title='bbox 2276 3193 2592 3262; x_wconf 81' lang='lat' dir='ltr'><strong>videntur3</strong></span> 
     </span>
     <span class='ocr_line' id='line_1_34' title="bbox 737 3290 2594 3369; baseline -0.003 -19"><span class='ocrx_word' id='word_1_216' title='bbox 737 3291 995 3351; x_wconf 88' lang='lat' dir='ltr'><strong>tametsi</strong></span> <span class='ocrx_word' id='word_1_217' title='bbox 1052 3290 1118 3348; x_wconf 90' lang='lat' dir='ltr'><strong>id</strong></span> <span class='ocrx_word' id='word_1_218' title='bbox 1173 3290 1453 3350; x_wconf 88' lang='lat' dir='ltr'><strong>accidere</strong></span> <span class='ocrx_word' id='word_1_219' title='bbox 1502 3311 1628 3352; x_wconf 90' lang='lat' dir='ltr'><strong>non</strong></span> <span class='ocrx_word' id='word_1_220' title='bbox 1675 3298 1900 3369; x_wconf 88' lang='lat' dir='ltr'><strong>potest.</strong></span> <span class='ocrx_word' id='word_1_221' title='bbox 1989 3292 2084 3351; x_wconf 90' lang='lat' dir='ltr'><strong>Ut</strong></span> <span class='ocrx_word' id='word_1_222' title='bbox 2128 3290 2297 3350; x_wconf 89' lang='lat' dir='ltr'><strong>enim</strong></span> <span class='ocrx_word' id='word_1_223' title='bbox 2341 3290 2594 3367; x_wconf 89' lang='lat' dir='ltr'><strong>quisque</strong></span> 
     </span>
     <span class='ocr_line' id='line_1_35' title="bbox 737 3385 2596 3466; baseline -0.003 -18"><span class='ocrx_word' id='word_1_224' title='bbox 737 3388 973 3466; x_wconf 89' lang='lat' dir='ltr'><strong>optime</strong></span> <span class='ocrx_word' id='word_1_225' title='bbox 1004 3385 1173 3463; x_wconf 88' lang='lat' dir='ltr'><strong>dicit,</strong></span> <span class='ocrx_word' id='word_1_226' title='bbox 1205 3388 1295 3447; x_wconf 91' lang='lat' dir='ltr'><strong>ita</strong></span> <span class='ocrx_word' id='word_1_227' title='bbox 1324 3387 1595 3447; x_wconf 84' lang='lat' dir='ltr'><strong>maxime</strong></span> <span class='ocrx_word' id='word_1_228' title='bbox 1625 3388 1874 3449; x_wconf 88' lang='lat' dir='ltr'><strong>dicendi</strong></span> <span class='ocrx_word' id='word_1_229' title='bbox 1918 3388 2351 3448; x_wconf 89' lang='lat' dir='ltr'><strong>difficultatem</strong></span> <span class='ocrx_word' id='word_1_230' title='bbox 2379 3386 2596 3447; x_wconf 85' lang='lat' dir='ltr'><strong>varios-</strong></span> 
     </span>
     <span class='ocr_line' id='line_1_36' title="bbox 736 3483 2592 3564; baseline -0.003 -19"><span class='ocrx_word' id='word_1_231' title='bbox 736 3504 857 3564; x_wconf 91' lang='lat' dir='ltr'><strong>que</strong></span> <span class='ocrx_word' id='word_1_232' title='bbox 908 3490 1173 3544; x_wconf 88' lang='lat' dir='ltr'><strong>eventus</strong></span> <span class='ocrx_word' id='word_1_233' title='bbox 1215 3483 1519 3543; x_wconf 87' lang='lat' dir='ltr'><strong>orationis</strong></span> <span class='ocrx_word' id='word_1_234' title='bbox 1569 3486 2226 3562; x_wconf 84' lang='lat' dir='ltr'><strong>exspectationemque</strong></span> <span class='ocrx_word' id='word_1_235' title='bbox 2282 3484 2592 3543; x_wconf 90' lang='lat' dir='ltr'><strong>hominum</strong></span> 
     </span>
     <span class='ocr_line' id='line_1_37' title="bbox 736 3576 2595 3662; baseline -0.003 -19"><span class='ocrx_word' id='word_1_236' title='bbox 736 3581 1139 3662; x_wconf 87' lang='lat' dir='ltr'><strong>pertimescit.</strong></span> <span class='ocrx_word' id='word_1_237' title='bbox 1228 3580 1349 3651; x_wconf 81' lang='lat' dir='ltr'><strong>Qui</strong></span> <span class='ocrx_word' id='word_1_238' title='bbox 1405 3598 1553 3639; x_wconf 84' lang='lat' dir='ltr'><strong>vero</strong></span> <span class='ocrx_word' id='word_1_239' title='bbox 1609 3579 1769 3637; x_wconf 88' lang='lat' dir='ltr'><strong>nihil</strong></span> <span class='ocrx_word' id='word_1_240' title='bbox 1824 3588 2036 3658; x_wconf 87' lang='lat' dir='ltr'><strong>potest</strong></span> <span class='ocrx_word' id='word_1_241' title='bbox 2090 3581 2344 3658; x_wconf 85' lang='lat' dir='ltr'><strong>dignum</strong></span> <span class='ocrx_word' id='word_1_242' title='bbox 2395 3599 2476 3659; x_wconf 83' lang='lat' dir='ltr'><strong>re,</strong></span> <span class='ocrx_word' id='word_1_243' title='bbox 2517 3576 2595 3637; x_wconf 90' lang='lat' dir='ltr'><strong>di·</strong></span> 
     </span>
    </p>
   </div>
  </div>
 </body>
</html>
