2816 4097
701 379 782 442 26
1349 396 1420 442 Μ.
1459 397 1657 443 ‘mnu
1695 395 2045 444 cloenoms
2150 395 2285 454 [Lm.
2311 397 2352 442 1.
2377 396 2502 442 cn.
2525 398 2671 453 19‚20,

802 562 954 622 riter
982 562 1148 621 enim
1182 563 1380 621 multa
1408 582 1484 621 ex
1515 562 1899 622 orationibus
1938 562 2352 622 Demostheni
2388 563 2674 639 praeclare

799 660 1035 739 scripta
1062 660 1476 737 pronuntians
1504 660 1766 720 docebat
1805 660 1987 719 illum
2029 660 2095 719 in
2138 660 2365 719 animis
2408 660 2506 719 vel
2545 662 2679 720 iudi-

799 777 938 817 cum
965 758 1060 817 vel
1087 758 1303 836 populi
1326 759 1392 816 in
1423 776 1664 816 omnem
1701 764 1943 835 partem
1974 757 2240 816 dicendo
2270 759 2680 834 permovendis

797 875 923 914 non
974 855 1173 914 fuisse
1221 856 1525 931 ignarum,
1571 855 1799 931 quibus
1843 873 1919 914 ea
1967 855 2150 914 rebus
2194 861 2682 931 consequeretur,

797 971 956 1029 quae
999 958 1254 1026 negaret
1312 951 1422 1011 ille
1465 952 1598 1010 sine
1648 951 2047 1029 philosophia
2096 971 2471 1029 quemquam
2521 972 2688 1012 nosse

800 1068 996 1126 posse.

696 1159 754 1204 89
877 1146 973 1207 20.
1021 1147 1189 1207 Huic
1220 1147 1639 1224 respondebat
1672 1166 1797 1205 non
1834 1166 1899 1206 se
1943 1165 2171 1223 negare
2215 1147 2695 1207 Demosthenem

798 1264 1101 1305 summam
1156 1244 1558 1323 prudentiam
1607 1263 2039 1322 summamque
2091 1245 2216 1302 vim
2271 1243 2559 1304 habuisse
2609 1245 2698 1304 di-

795 1342 993 1417 cendi,
1026 1344 1138 1401 sed
1166 1343 1299 1401 sive
1328 1342 1438 1401 ille
1468 1342 1584 1401 hoc
1614 1342 1866 1419 ingenio
1906 1342 2220 1419 potuisset
2249 1341 2402 1416 sive,
2436 1341 2499 1401 id
2540 1344 2704 1419 quod

795 1446 1126 1514 constaret,
1151 1440 1437 1500 Platonis
1461 1440 1780 1499 studiosus
1809 1439 2106 1499 audiendi
2130 1438 2374 1513 fuisset,
2401 1458 2523 1498 non
2554 1440 2708 1516 quid

795 1536 904 1595 ille
934 1537 1259 1615 potuisset,
1292 1538 1402 1597 sed
1434 1538 1587 1614 quid
1615 1536 1726 1597 isti
1756 1537 2053 1597 docerent
2087 1554 2225 1595 esse
2259 1536 2709 1613 quaerendum.

695 1646 755 1691 9ο
800 1635 994 1711 Saepe
1052 1635 1241 1693 etiam
1297 1634 1365 1693 in
1421 1654 1554 1693 eam
1614 1640 1858 1711 partem
1916 1633 2235 1716 ferebatur
2283 1633 2589 1707 oratione,
2644 1643 2715 1693 ut

797 1731 1049 1791 omnino
1093 1732 1446 1808 disputaret
1481 1731 1718 1791 nullam
1762 1737 1962 1790 artem
2006 1748 2143 1790 esse
2188 1729 2472 1804 dicendi;
2518 1730 2714 1809 idque

797 1847 934 1887 cum
966 1829 1349 1905 argumentis
1380 1829 1694 1902 docuerat,
1725 1828 1895 1906 quod
1927 1828 2018 1887 ita
2046 1826 2181 1886 nati
2210 1845 2509 1901 essemus,
2547 1835 2625 1887 ut
2658 1838 2718 1887 et

798 1925 1068 1984 blandiri
1118 1930 1205 1984 eis
1254 1926 1592 1999 subtiliter,
1643 1944 1680 1984 a
1730 1925 1956 2004 quibus
2008 1930 2176 1984 esset
2234 1924 2602 2000 petendum,
2660 1933 2723 1984 et

798 2023 1190 2084 adversarios
1219 2023 1547 2083 minaciter
1577 2030 1810 2083 terrere
1840 2039 2164 2100 possemus
2195 2026 2259 2080 et
2301 2039 2429 2079 rein
2467 2028 2722 2098 gestam

798 2139 1103 2198 exponere
1127 2128 1190 2181 et
1219 2121 1301 2196 id,
1326 2120 1493 2199 quod
1523 2121 2006 2191 intenderemuS,
2033 2118 2400 2178 confirmare
2433 2124 2520 2193 et,
2549 2122 2725 2197 quod

796 2224 1011 2279 contra
1038 2219 1369 2292 diceretur,
1401 2217 1709 2292 refellere,
1741 2217 1820 2277 ad
1855 2222 2202 2276 extremum
2245 2215 2583 2292 deprecari
2622 2218 2731 2276 ali-

795 2316 946 2393 quid
996 2323 1059 2375 et
1110 2315 1424 2393 conqueri,
1480 2315 1705 2392 quibus
1765 2315 1828 2372 in
1887 2314 2070 2373 rebus
2128 2312 2332 2372 omnis
2389 2319 2732 2373 oratorum

794 2420 1151 2474 versaretur
1178 2412 1471 2486 facultas,
1504 2419 1568 2471 et
1598 2412 1764 2489 quod
1799 2411 2184 2470 consuetudo
2213 2409 2735 2489 exercitatioque

795 2517 858 2570 et
887 2511 1296 2587 intellegendi
1328 2509 1727 2587 prudentiam
1758 2512 2007 2567 acueret
2036 2512 2102 2567 et
2135 2507 2476 2584 eloquendi
2509 2508 2741 2567 celeri-

793 2613 990 2667 tatem
1014 2608 1326 2680 incitaret,
1346 2613 1484 2665 tum
1505 2606 1694 2664 etiam
1715 2605 2141 2682 exemplorum
2166 2604 2347 2680 copia
2368 2605 2739 2665 nitebatur.

693 2718 749 2763 91
794 2705 961 2764 Nam
990 2705 1261 2782 primum
1292 2704 1475 2782 quasi
1506 2702 1722 2762 dedita
1748 2720 1939 2780 opera
1975 2701 2290 2761 neminem
2334 2700 2745 2778 scriptorem

796 2801 951 2860 artis
993 2820 1070 2860 ne
1113 2801 1512 2860 mediocriter
1555 2799 1810 2877 quidem
1852 2798 2158 2858 disertum
2201 2797 2400 2857 fuisse
2445 2797 2748 2869 dicebat,

796 2917 936 2957 cum
968 2903 1277 2975 repeteret
1308 2916 1505 2975 usque
1529 2916 1566 2957 a
1587 2897 1816 2958 Corace
1845 2895 2055 2956 nescio
2085 2900 2209 2972 quo
2239 2900 2304 2954 et
2333 2893 2544 2969 Tisia,
2577 2914 2755 2972 quos

796 2995 952 3054 artis
996 2995 1168 3053 illius
1212 2995 1574 3055 inventores
1627 2999 1690 3054 et
1740 2992 2057 3070 principes
2101 2992 2301 3052 fuisse
2352 2998 2756 3063 constaret-‚3

797 3091 1340 3170 eloquentissimos
1384 3097 1595 3150 autem
1638 3089 1944 3164 homineS‚
1982 3089 2089 3166 qui
2136 3089 2260 3149 ista
2301 3106 2419 3147 nec
2464 3088 2761 3148 didicis·

796 3193 937 3249 sent
977 3207 1091 3249 nec
1133 3187 1387 3248 omnino
1431 3187 1588 3246 scire
1633 3194 1973 3261 curassent,
2012 3176 2498 3245 innumerabilis
2555 3205 2764 3264 quos·

794 3288 938 3348 dam
980 3285 1378 3358 nominabat3
1439 3284 1505 3342 in
1555 3284 1784 3361 quibus
1833 3283 2042 3357 etiam,
2090 3282 2223 3342 sive
2268 3280 2379 3340 ille
2426 3282 2766 3342 inridens

794 3384 925 3445 sive
976 3383 1145 3462 quod
1194 3382 1285 3440 ita
1328 3386 1580 3459 putaret
1628 3386 1818 3458 atque
1864 3380 1955 3440 ita
1995 3379 2294 3454 audisset,
2342 3397 2442 3438 me
2496 3379 2588 3438 in
2647 3379 2769 3438 ino

794 3499 1070 3555 numer0,
1102 3466 1225 3557 qui‘
1243 3478 1356 3538 illa
1383 3496 1511 3536 non
1538 3477 1897 3538 didicissem
1926 3482 1992 3536 et
2019 3483 2250 3551 tamen,
2279 3481 2354 3535 ut
2383 3475 2548 3553 ipse
2586 3477 2772 3536 dice·

795 3579 921 3651 bat,
961 3594 1211 3659 possem
1253 3574 1494 3658 aliquid
1537 3574 1605 3632 in
1646 3574 1925 3649 dicend0,
1961 3573 2343 3654 proferebat.
2431 3573 2774 3646 Quorum
