2816 4097
550 378 633 445 50

549 1650 635 1695 176

550 2139 633 2187 177

547 2725 633 2771 178

550 3497 637 3546 179

1204 400 1274 446 Μ.
1312 400 1513 449 TULLI
1553 400 1904 449 CICERONIS
2009 399 2146 459 [Lm.
2172 401 2210 447 1.
2233 401 2365 448 CAP.
2386 402 2460 457 38,
2482 402 2551 447 39.

683 564 951 625 scientia
998 566 1155 628 iuris
1204 568 1393 628 audet
1451 571 1740 630 accedere
1763 572 1795 629 ’.Ρ
1881 569 2051 640 Quae
2111 569 2318 647 potuit
2368 569 2552 647 igitur

683 680 819 723 esse
848 682 1037 723 causa
1065 665 1276 740 maior,
1309 685 1496 743 quam
1537 667 1708 726 illius
1745 666 1987 741 militis,
2019 666 2099 726 de
2141 667 2316 727 cuius
2361 672 2550 727 morte

682 778 825 819 cum
865 762 1117 820 domum
1161 762 1362 823 falsus
1406 764 1485 823 ab
1529 764 1810 824 exercitu
1851 764 2114 824 nuntius
2164 764 2442 824 venisset
2489 769 2550 822 et

684 862 863 935 pater
892 859 1027 920 eius
1055 880 1120 919 re
1150 860 1389 921 credita
1417 866 1870 922 testamentum
1913 866 2219 922 mutasset
2260 867 2340 936 et,
2373 879 2552 937 quem

683 955 742 1014 ei
783 956 989 1015 visum
1030 964 1214 1034 esset,
1256 958 1514 1018 fecisset
1557 958 1852 1019 heredem
1893 963 2182 1037 essetque
2225 958 2362 1037 ipse
2404 976 2555 1017 mor-

680 1056 845 1128 tuus,
873 1073 971 1115 res
995 1055 1207 1115 delata
1226 1062 1324 1116 est
1352 1057 1434 1115 ad
1465 1056 1905 1132 centumvirOS,
1933 1074 2072 1115 cum
2103 1055 2284 1115 miles
2308 1056 2556 1115 domum

684 1152 1029 1212 revenisset
1078 1153 1437 1231 egissetque
1483 1154 1618 1231 lege
1662 1154 1729 1213 in
1772 1153 2188 1214 hereditatem
2233 1158 2554 1232 paternam

681 1253 1061 1311 testamento
1090 1251 1349 1311 exheres
1380 1250 1552 1312 filius
1575 1254 1607 1310 ⁴?
1691 1252 1936 1329 Nempe
1966 1251 2033 1309 in
2062 1269 2136 1310 ea
2165 1269 2352 1311 causa
2380 1268 2554 1328 quae-

685 1346 879 1406 situm
900 1353 998 1407 est
1021 1349 1096 1407 de
1119 1348 1255 1407 iure
1281 1349 1473 1424 civili,
1498 1353 1793 1427 possetne
1824 1354 2228 1427 paternorum
2257 1348 2556 1407 bonorum

682 1444 943 1505 exheres
965 1464 1101 1505 esse
1124 1446 1311 1521 filius,
1339 1465 1527 1524 quem
1549 1452 1733 1523 pater
1755 1450 2133 1506 testamento
2156 1464 2359 1524 neque
2389 1444 2554 1505 here·

681 1541 821 1600 dem
852 1561 1051 1620 neque
1082 1543 1454 1603 exheredem
1485 1542 1841 1620 scripsisset
1873 1542 2262 1603 nominatim.

765 1638 861 1699 39.
908 1640 1124 1709 Quid?
1183 1660 1307 1717 qua
1348 1642 1424 1701 de
1467 1659 1533 1699 re
1577 1641 1746 1702 inter
1787 1640 2122 1701 Marcellos
2162 1646 2228 1700 et
2261 1640 2550 1701 Claud-ios

686 1736 979 1814 patricios
1045 1738 1422 1797 centumviri
1486 1738 1860 1811 iudicarunt,
1922 1756 2062 1797 cum
2135 1736 2420 1797 Marcelli
2480 1736 2557 1797 ab

683 1833 897 1894 liberti
940 1834 1071 1893 filio
1114 1834 1328 1913 stirpe,
1375 1834 1625 1897 Claudii
1667 1834 1920 1913 patricii
1963 1834 2244 1894 eiusdem
2287 1833 2557 1893 hominis

685 1930 1100 1992 hereditatem
1130 1936 1313 2007 gente
1343 1933 1426 1992 ad
1451 1951 1518 1993 se
1549 1933 1829 1993 dicerent
1858 1932 2111 2007 redisse,
2144 1949 2350 1991 nonne
2387 1931 2454 1990 in
2487 1948 2558 1990 ea

686 2044 873 2088 causa
913 2029 1041 2090 fuit
1082 2014 1433 2091 oratoribus
1478 2030 1554 2090 de
1603 2036 1738 2090 toto
1791 2029 2013 2108 stirpis
2067 2033 2131 2089 et
2175 2028 2554 2106 gentilitatis

683 2127 821 2186 iure
862 2126 1191 2188 dicendum
1215 2130 1247 2186 ⁴?
1330 2127 1497 2198 Quid
1515 2130 1547 2186 ’.Ρ
1606 2129 1774 2204 quod
1814 2127 1970 2187 item
2013 2128 2080 2186 in
2119 2126 2555 2187 centumvirali

682 2225 917 2286 iudicio
959 2229 1265 2285 certatum
1309 2243 1445 2285 esse
1488 2225 1856 2302 accepimus,
1889 2243 2029 2284 curn
2059 2225 2326 2284 Romam
2361 2225 2428 2284 in
2460 2243 2557 2284 ex-

682 2323 897 2384 silium
923 2323 1219 2397 venisset,
1254 2321 1353 2381 cui
1383 2323 1618 2382 Romae
1649 2324 1937 2382 exsulare
1966 2323 2064 2383 ius
2093 2328 2278 2397 esset,
2303 2322 2359 2382 si
2389 2341 2454 2383 se
2475 2322 2556 2382 ad

680 2420 957 2499 aliquem
1006 2420 1186 2498 quasi
1232 2425 1569 2496 patronum
1618 2419 2079 2497 applicavisset‚
2125 2419 2560 2498 intestatoque

682 2524 848 2578 esset
890 2523 1211 2592 mortuus3
1258 2535 1465 2575 nonne
1509 2515 1578 2574 in
1618 2534 1694 2575 ea
1727 2534 1915 2576 causa
1954 2516 2052 2575 ius
2097 2515 2557 2594 applicationiS,

682 2616 1008 2675 obscurum
1069 2632 1219 2674 sane
1276 2618 1341 2672 et
1397 2612 1700 2690 ignotum,
1762 2612 2148 2690 patefactum
2203 2613 2271 2672 in
2329 2613 2561 2673 iudicio

684 2718 873 2789 atque
904 2711 1292 2771 illustratum
1322 2715 1419 2770 est
1449 2728 1487 2770 a
1507 2715 1771 2788 patrono
1799 2712 1829 2769 ?
1912 2709 2079 2780 Quid
2101 2711 2132 2770 ?
2173 2729 2392 2788 nuper,
2418 2729 2562 2772 cum

684 2827 797 2884 ego
837 2808 902 2869 O.
938 2807 1115 2882 Sergi
1151 2808 1380 2868 Oratae
1420 2811 1640 2867 contra
1675 2807 1841 2866 hunc
1883 2812 2168 2866 nostrum
2210 2807 2565 2867 Antonium

682 2904 915 2964 iudicio
973 2904 1220 2980 privato
1292 2922 1546 2964 causam
1608 2903 2027 2979 defenderem,
2087 2922 2294 2964 nonne
2355 2904 2566 2964 omnis

683 3005 902 3061 nostra
942 3000 1009 3058 in
1037 3000 1173 3060 iure
1210 3007 1462 3061 versata
1495 3001 1780 3061 defensio
1823 3005 1918 3059 est
1941 3002 1972 3058 ⁴?
2055 3000 2214 3061 Cum
2256 3000 2430 3060 enim
2472 3001 2563 3060 M.

685 3098 927 3158 Marius
972 3098 1380 3159 Gratidianus
1425 3098 1599 3158 aedis
1642 3098 1870 3158 Oratae
1921 3096 2311 3157 vendidisset
2359 3115 2568 3176 neque

685 3195 922 3255 servire
977 3194 1289 3271 quandam
1344 3213 1556 3254 earum
1601 3195 1853 3255 aedium
1895 3199 2139 3272 partem
2179 3193 2248 3253 in
2287 3194 2570 3271 mancipi

685 3292 820 3367 lege
856 3291 1141 3365 dixisset,
1179 3290 1682 3367 defendebamus,
1715 3291 2018 3370 quicquid
2060 3290 2292 3351 fuisset
2334 3291 2569 3351 incom-

684 3388 853 3448 modi
882 3388 949 3447 in
978 3387 1305 3464 mancipiO,
1338 3387 1403 3446 id
1433 3387 1488 3448 si
1523 3389 1812 3448 venditor
1854 3388 2076 3449 scisset
2117 3407 2321 3466 neque
2366 3387 2572 3448 decla-

686 3489 903 3561 rasset,
968 3489 1286 3562 praestare
1349 3485 1588 3545 debere.
1674 3486 1810 3557 Quo
1872 3486 2124 3563 quidem
2197 3485 2267 3545 in
2334 3502 2568 3562 genere

684 3580 1019 3642 familiaris
1075 3587 1287 3641 noster
1344 3581 1432 3640 M.
1490 3581 1848 3658 Buculeius,
1906 3581 2093 3642 homo
2155 3600 2358 3660 neque
2422 3599 2570 3640 meo
