2816 4097
229 400 341 458 ιώ.
366 412 404 456 1.
428 409 559 457 cu.
582 412 655 466 34,
676 406 772 469 sa]
1002 409 1092 455 m:
1133 408 1460 457 oRAronn.
2149 389 2233 455 45

229 578 401 657 plina
443 578 531 637 rei
574 576 877 655 publicae,
908 576 1047 636 iura
1091 576 1416 650 sociorum,
1454 576 1724 651 foedera,
1756 574 2095 654 pactioneS,

228 695 412 736 causa
452 673 677 752 imperi
718 673 1145 752 cognoscenda
1172 679 1302 749 est3
1348 673 1639 734 libandus
1669 680 1767 734 est
1801 673 1994 734 etiam
2021 692 2100 733 ex

226 773 396 832 omni
418 790 641 849 genere
661 770 1043 831 urbanitatis
1074 771 1442 830 facetiarum
1471 770 1725 848 quidam
1758 770 1950 847 lepOS,
1976 789 2100 848 quo

226 875 548 947 tamquam
579 869 708 928 sale
738 874 1182 946 perspergatur
1216 868 1419 928 omnis
1447 867 1664 927 oratio.
1751 867 1971 927 Effudi
1999 887 2100 928 vo-

226 965 320 1026 bis
365 966 591 1039 omnia,
627 984 787 1043 quae
831 963 1195 1037 sentiebam,
1229 982 1388 1041 quae
1431 964 1718 1038 fortasse,
1748 983 2100 1041 quemcum-

229 1082 348 1139 que
390 1068 633 1139 patrem
675 1061 952 1121 familias
996 1060 1434 1137 adripuissetis
1471 1079 1549 1120 ex
1591 1061 1804 1137 aliquo
1847 1061 2098 1134 circu10,

230 1159 444 1219 eadem
473 1158 650 1219 vobis
682 1156 1191 1235 percontantibus
1222 1157 1663 1236 respondisset.

234 1337 464 1390 Crassus
490 1336 533 1388 is
548 1336 829 1405 prevailed
854 1354 995 1404 upon
1025 1344 1074 1388 to
1108 1335 1347 1388 continue
1379 1336 1460 1387 the
1491 1334 1797 1399 discussion,
1825 1336 2104 1406 enlarqiny

332 1424 611 1493 especially
630 1442 772 1493 upon
798 1425 877 1477 the
914 1424 1282 1493 requirements
1308 1423 1377 1491 of
1401 1432 1613 1491 oratory
1639 1423 1695 1474 in
1729 1424 1808 1476 the
1834 1431 2016 1477 matter
2041 1424 2110 1492 of

332 1513 651 1580 knowledqe.
730 1513 794 1578 ἓξ
826 1510 1083 1563 160-165.

308 1640 403 1702 35.
450 1642 626 1700 Haec
656 1660 799 1699 cum
834 1640 1094 1700 Crassus
1138 1638 1422 1714 dixisset,
1457 1638 1780 1699 silentium
1825 1645 1922 1699 est
1964 1658 2100 1699 con·
2152 1654 2237 1699 160

227 1742 525 1797 secutum.
614 1736 737 1797 Sed
778 1756 1152 1815 quamquam
1196 1736 1351 1797 satis
1394 1736 1501 1811 eis,
1549 1736 1659 1814 qui
1699 1737 1975 1812 aderant,
2021 1738 2101 1797 ad

226 1834 309 1909 id,
355 1833 520 1912 quod
570 1839 704 1893 erat
753 1833 1160 1912 propositum,
1206 1833 1446 1893 dictum
1496 1834 1842 1909 videbatur,
1887 1840 2096 1895 tamen

223 1931 578 1991 sentiebant
618 1930 883 1991 celerius
926 1950 1063 1990 esse
1099 1931 1315 2006 mult0,
1350 1950 1538 2008 quam
1572 1930 1694 2009 ipsi
1732 1932 1988 2007 vellent,
2019 1934 2098 1993 ab

220 2048 295 2089 eo
342 2035 715 2108 peroratum.
803 2030 964 2088 Tum
1008 2028 1325 2104 Scaevola,
1370 2028 1526 2106 quid
1568 2034 1682 2103 est,
1715 2030 1902 2090 Cotta
1923 2031 1953 2088 *Β
2010 2030 2099 2089 in-

220 2127 380 2204 quit,
413 2127 564 2204 quid
592 2127 819 2187 tacetis
842 2129 873 2185 ?
956 2125 1217 2184 Nihilne
1255 2127 1432 2184 vobis
1473 2126 1541 2184 in
1583 2131 1856 2185 mentem
1900 2127 2093 2201 venit,

223 2225 392 2299 quod
421 2228 743 2299 praeterea
770 2224 847 2281 ab
877 2223 1103 2282 Crasso
1131 2212 1475 2298 'requiratis
1497 2225 1528 2279 ἱ)
1613 2222 1692 2280 Id
1727 2221 2093 2297 mehercule,
2149 2237 2233 2282 161

222 2318 453 2395 inquit,
476 2318 685 2395 ipsum
706 2318 980 2376 attend0.
1066 2319 1305 2376 Tantus
1328 2318 1495 2375 enim
1519 2335 1737 2377 cursus
1767 2319 2098 2377 verborum

220 2414 353 2482 fuit
381 2419 445 2472 et
476 2415 563 2474 sic
593 2413 868 2473 evolavit
897 2413 1115 2487 oratic,
1146 2419 1220 2472 ut
1249 2414 1382 2472 eius
1413 2414 1544 2471 vim
1573 2418 1636 2471 et
1667 2413 2097 2474 incitationem

220 2511 591 2588 aspexerim,
618 2509 891 2586 vestigia
912 2509 1387 2586 ingressumque
1412 2510 1522 2567 vix
1553 2509 1836 2583 viderim,
1863 2516 1926 2569 et
1947 2516 2098 2571 tam-

218 2628 411 2688 quam
430 2607 498 2667 in
520 2608 795 2685 aliquam
817 2607 1195 2684 locupletem
1219 2625 1288 2665 ac
1319 2606 1615 2666 refertam
1649 2607 1900 2666 domum
1924 2627 2100 2669 vene-

220 2706 343 2766 rim
397 2725 523 2765 non
578 2704 895 2783 explicata
949 2710 1125 2764 veste
1188 2722 1387 2782 neque
1454 2703 1776 2783 proposito
1837 2713 2095 2782 argento

217 2823 423 2880 neque
466 2803 698 2863 tabulis
743 2808 807 2863 et
850 2801 1044 2878 signis
1091 2801 1415 2879 propalam
1459 2801 1797 2877 collocatis,
1842 2803 1952 2863 sed
1992 2804 2092 2864 his

217 2901 509 2960 omnibus
540 2900 758 2960 multis
789 2898 1262 2976 magnificisque
1293 2900 1476 2959 rebus
1507 2899 1876 2960 constructis
1907 2919 1977 2961 ac
2007 2921 2096 2962 re·

216 2997 525 3059 conditis:
574 2997 661 3057 sic
700 2997 883 3056 modo
917 2997 984 3055 in
1028 2997 1309 3056 oratione
1353 2996 1563 3056 Crassi
1607 2995 1862 3057 divitias
1905 3004 2094 3077 atque

215 3101 591 3156 ornamenta
626 3094 761 3153 eius
800 3093 1013 3168 ingeni
1047 3112 1159 3169 per
1192 3093 1498 3171 quaedam
1539 3093 1862 3155 involucra
1902 3101 2091 3174 atque

214 3194 655 3268 integumenta
682 3190 993 3269 perspexi,
1025 3190 1135 3249 sed
1170 3208 1243 3249 ea
1279 3191 1690 3268 contemplari
1732 3211 1868 3252 cum
1913 3213 2092 3271 cupe-

215 3309 372 3364 rem,
420 3287 528 3346 vix
577 3287 925 3364 aspiciendi
975 3291 1253 3364 potestas
1310 3287 1451 3348 fuit.
1540 3289 1764 3366 Itaque
1813 3308 1924 3349 nec
1972 3289 2090 3350 hoc

212 3404 479 3466 possum
523 3385 744 3458 dicere,
789 3403 888 3443 me
928 3382 1179 3443 omnino
1220 3384 1504 3462 ignorare
1549 3386 1702 3462 quid
1751 3386 2088 3463 possideat,

212 3501 424 3560 neque
454 3481 640 3559 plane
670 3499 853 3541 nosse
880 3487 1070 3559 atque
1098 3482 1348 3542 vidisse.
1436 3481 1602 3554 Quin
1623 3487 1693 3541 tu
1717 3482 1908 3558 igitur
1931 3483 2089 3542 facis
2142 3497 2227 3542 162

212 3582 407 3655 idem,
460 3578 670 3657 inquit
718 3578 1032 3654 Scaevola,
1084 3580 1250 3657 quod
1299 3580 1557 3653 faceres,
1603 3578 1659 3637 si
1703 3578 1770 3637 in
1814 3578 2092 3656 aliquam
