2816 4097
590 366 675 433 70

595 1736 681 1783 234

596 2613 680 2658 235

596 3390 683 3434 236

1245 383 1315 431 M.
1353 383 1552 433 TULLI
1592 384 1940 433 CICERONIS
2049 383 2185 444 [Lm.
2209 385 2248 431 1.
2271 385 2402 432 CAP.
2423 387 2495 441 54,
2513 388 2578 433 55.

728 553 1095 629 mehercule,
1127 554 1374 615 etiamsi
1402 554 1566 613 nihil
1601 555 1682 615 ad
1716 573 1828 614 nos
1857 555 2151 633 pertinet,
2183 560 2393 614 tamen
2423 574 2583 632 prop-

721 656 822 710 ter
862 651 996 710 eius
1040 651 1253 727 ingeni
1296 652 1796 727 magnitudinem
1824 651 2070 726 vellem,
2104 671 2376 729 quonam
2414 653 2582 712 modo

726 747 882 807 istos
926 748 1335 826 philosophos
1379 749 1547 808 ferre
1589 768 1931 827 possemus,
1964 749 2072 827 qui
2102 768 2284 824 nunc,
2315 768 2458 809 cum
2487 749 2584 807 ille

726 846 1057 906 damnatus
1100 852 1215 921 est,
1247 845 1488 906 nullam
1529 846 1720 907 aliam
1761 848 1841 907 ob
1882 847 2131 923 culpam
2174 846 2300 905 nisi
2344 852 2586 925 propter

726 943 974 1003 dicendi
1019 944 1431 1019 inscientiam,
1463 950 1673 1004 tamen
1702 963 1741 1004 a
1768 964 1834 1004 se
1877 950 2162 1023 oportere
2207 944 2426 1004 dicunt
2467 944 2590 1022 peti

728 1048 1060 1119 praecepta
1079 1042 1327 1102 dicendi
1342 1044 1374 1101 ἱ)
1445 1042 1829 1112 Quibuscum
1851 1060 1965 1117 ego
1988 1061 2114 1101 non
2135 1061 2362 1119 pugn0,
2387 1047 2587 1101 utrum

726 1139 812 1197 sit
839 1138 1063 1199 melius
1094 1146 1204 1199 aut
1235 1140 1475 1215 verius;
1520 1144 1766 1199 tantum
1797 1139 1934 1199 dico
1963 1146 2027 1198 et
2055 1139 2227 1198 aliud
2265 1139 2427 1198 illud
2465 1157 2592 1199 esse

726 1241 917 1313 atque
947 1236 1064 1297 hoc
1091 1242 1155 1296 et
1184 1237 1301 1299 hoc
1330 1237 1468 1298 sine
1496 1237 1609 1297 illo
1639 1256 1950 1298 summum
1980 1254 2116 1296 esse
2149 1254 2346 1314 posse.

724 1413 846 1465 Nor
870 1414 914 1465 is
940 1431 973 1465 a
1000 1414 1299 1484 knowledye
1325 1415 1394 1484 os
1420 1416 1498 1467 the
1525 1414 1646 1468 civil
1681 1416 1782 1467 law
1817 1414 2200 1483 indispensable
2227 1424 2276 1467 to
2300 1415 2380 1467 the
2407 1423 2593 1467 orator.

806 1500 1107 1571 Eloquence
1144 1504 1254 1554 and
1289 1520 1324 1555 a
1361 1502 1540 1572 telliny
1575 1502 1758 1555 humor
1780 1518 1998 1571 sur-pass
2032 1502 2168 1571 ἱεραὶ
2206 1502 2513 1573 knowledqe
2547 1502 2596 1553 in

806 1589 887 1640 the
908 1588 1173 1657 practical
1197 1590 1420 1642 conduct
1446 1589 1515 1658 of
1533 1606 1697 1641 cases.
1776 1591 1839 1656 ἐξ
1868 1587 2128 1641 234-245.

810 1723 905 1786 55.
950 1725 1116 1785 Nam
1159 1726 1325 1804 quod
1371 1727 1468 1786 ius
1513 1726 1716 1800 civile,
1748 1727 1988 1800 Crasse,
2023 1732 2156 1786 tam
2197 1726 2600 1786 vehementer

730 1822 1053 1900 amplexus
1100 1842 1184 1898 es,
1227 1824 1411 1883 video
1453 1824 1607 1901 quid
1649 1824 1885 1899 egeris;
1949 1830 2102 1899 tum,
2147 1842 2289 1883 cum
2332 1823 2599 1895 dicebas,

730 1920 1035 1980 videbam.
1118 1920 1399 1979 Primum
1432 1920 1766 1981 Scaevolae
1794 1927 1858 1980 te
1887 1920 2137 1995 dedisti,
2169 1939 2358 1998 quem
2387 1938 2601 1979 omnes

731 2035 937 2077 amare
988 2018 1390 2078 meritissimo
1442 2037 1553 2097 pro
1604 2018 1737 2078 eius
1789 2018 2020 2078 eximia
2063 2018 2378 2078 suavitate
2433 2018 2603 2077 debe-

731 2135 902 2190 mus3
947 2116 1122 2176 cuius
1152 2122 1351 2175 artem
1392 2134 1528 2175 cum
1577 2116 1928 2176 indotatam
1955 2134 2091 2176 esse
2120 2121 2185 2175 et
2218 2116 2604 2193 incomptam

730 2213 992 2288 videres,
1038 2214 1365 2273 verborum
1410 2232 1543 2273 eam
1590 2212 1735 2273 dote
1779 2213 2180 2290 locupletasti
2227 2219 2293 2272 et
2335 2211 2598 2272 ornasti.

731 2310 972 2370 Deinde
1016 2310 1183 2388 quod
1224 2310 1292 2369 in
1333 2329 1407 2369 ea
1449 2316 1518 2369 tu
1564 2310 1708 2388 plus
1760 2328 1984 2387 operae
2042 2309 2402 2387 laborisque
2467 2327 2605 2368 con-

730 2425 1104 2484 sumpseras,
1136 2426 1279 2466 cum
1320 2407 1454 2465 eius
1497 2407 1670 2467 studi
1712 2407 1834 2466 tibi
1875 2412 1940 2465 et
1981 2406 2266 2466 hortator
2301 2411 2368 2465 et
2414 2405 2603 2481 magi-

724 2510 858 2563 ster
892 2511 1059 2564 esset
1100 2505 1287 2578 domi,
1319 2503 1561 2563 veritus
1593 2522 1678 2577 eS,
1708 2504 1832 2563 nisi
1874 2504 2063 2564 istam
2093 2508 2292 2562 artem
2321 2504 2606 2563 oratione

730 2620 1184 2678 exaggerasses,
1230 2619 1307 2660 ne
1357 2619 1610 2679 operam
1669 2600 2066 2677 perdidisses„
2171 2600 2294 2661 Sed
2352 2620 2474 2677 ego
2533 2616 2606 2656 ue

731 2718 869 2758 cum
905 2699 1029 2758 ista
1057 2699 1309 2775 quidem
1352 2703 1490 2758 arte
1535 2716 1759 2776 pugno.
1850 2697 1948 2757 Sit
1991 2716 2139 2757 sane
2181 2703 2379 2771 tanta,
2413 2717 2609 2775 quan-

729 2801 861 2855 tam
902 2801 975 2854 tu
1014 2795 1191 2854 illam
1232 2814 1367 2855 esse
1406 2795 1521 2855 vis.
1609 2795 1864 2854 Etenim
1907 2795 2042 2854 sine
2084 2794 2521 2854 controversia
2549 2799 2609 2851 et

731 2910 958 2967 magna
1016 2899 1112 2951 est
1168 2899 1233 2952 et
1291 2892 1418 2952 late
1470 2897 1649 2970 patet
1689 2899 1755 2952 et
1807 2891 1887 2951 ad
1940 2892 2170 2952 multos
2215 2891 2504 2969 pertinet
2549 2895 2610 2949 et

731 3007 971 3048 summo
1015 2990 1083 3047 in
1122 2989 1355 3049 honore
1400 3008 1646 3068 semper
1689 2989 1819 3048 fuit
1860 2994 1924 3049 et
1965 2988 2297 3048 clarissimi
2338 2989 2517 3047 cives
2554 2985 2608 3044 ei

734 3086 941 3145 studio
985 3087 1175 3145 etiam
1219 3087 1403 3146 hodie
1454 3092 1793 3164 praesunt3
1859 3087 1969 3146 sed
2011 3085 2170 3160 vide,
2215 3086 2462 3158 Crasse,
2513 3102 2609 3156 ne,

732 3184 881 3242 dum
922 3202 1082 3242 novo
1127 3188 1190 3242 et
1232 3183 1439 3243 alieno
1466 3189 1694 3243 ornatu
1730 3183 1888 3243 velis
1931 3201 2150 3242 ornare
2193 3182 2348 3242 iuris
2392 3181 2610 3241 civilis

732 3280 1076 3355 scientiam,
1109 3299 1218 3340 suo
1249 3299 1495 3358 quoque
1523 3299 1661 3340 eam
1690 3299 1981 3340 concesso
2010 3286 2075 3340 et
2101 3279 2338 3339 tradito
2365 3278 2612 3356 spolies

730 3385 921 3455 atque
964 3378 1255 3437 denudes
1340 3378 1526 3453 Nam,
1571 3378 1625 3438 si
1674 3378 1768 3438 ita
1807 3378 2063 3451 dicereS,
2107 3376 2220 3455 qui
2267 3376 2424 3436 iuris
2473 3394 2612 3434 con-

730 3474 938 3535 sultus
979 3479 1165 3550 esset,
1208 3492 1345 3534 esse
1386 3493 1528 3534 eum
1573 3479 1900 3549 oratorem,
1946 3475 2222 3551 itemque
2267 3473 2375 3550 qui
2435 3477 2616 3532 esset

728 3577 957 3644 orator,
986 3569 1143 3628 iuris
1172 3570 1441 3630 eundem
1473 3587 1610 3630 esse
1651 3571 2024 3647 consultum,
2055 3569 2403 3649 praeclaras
2447 3569 2614 3628 duas
