2816 4097
252 404 372 451 Lm.
396 404 437 451 1.
461 402 592 450 cn.
614 404 689 461 55,
710 402 807 462 se]
1044 403 1135 449 nn·
1173 402 1500 452 onA'ronn.
2190 386 2264 451 71

254 571 415 630 artis
466 570 887 631 constitueres
933 576 1123 648 atque
1174 571 1342 631 inter
1390 590 1460 631 se
1519 571 1685 651 paris
1737 576 1800 631 et
1857 570 2137 631 eiusdem

254 668 460 729 socias
503 667 849 743 dignitatis
935 668 1121 728 Nunc
1165 687 1311 728 vero
1372 668 1528 729 iuris
1589 669 1946 729 consultum
2005 668 2142 728 sine

252 765 373 824 hac
405 764 782 842 eloquentia,
814 765 890 823 de
934 783 1059 842 qua
1100 765 1476 843 quaerimus,
1511 766 1734 826 fateris
1779 783 1916 826 esse
1953 784 2134 844 posse

252 863 583 939 fuisseque
613 862 951 938 plurimos3
996 868 1306 922 oratorem
1336 881 1544 940 negas,
1579 862 1703 922 nisi
1743 863 1915 923 illam
1948 863 2139 923 scien-

252 960 414 1019 tiam
444 958 883 1035 adsumpserit,
916 978 1051 1018 esse
1091 978 1291 1037 posse.
1380 960 1484 1019 Ita
1517 965 1613 1019 est
1652 960 1771 1019 tibi
1809 959 1964 1020 iuris
1999 978 2138 1019 con-

252 1057 464 1117 sultus
510 1056 645 1133 ipse
681 1074 793 1133 per
822 1074 889 1115 se
916 1056 1077 1115 nihil
1121 1056 1246 1118 nisi
1288 1056 1598 1132 leguleius
1629 1057 1884 1133 quidam
1914 1061 2134 1116 cautus

251 1160 323 1213 et
368 1159 607 1227 acutuS,
654 1171 878 1230 praeco
919 1154 1254 1229 actionum,
1300 1159 1519 1213 cantor
1562 1144 1991 1227 formularum,
2035 1172 2137 1212 au-

250 1270 405 1329 ceps
449 1250 868 1329 syllabarum3
936 1251 1044 1309 sed
1086 1250 1236 1327 quia
1277 1269 1461 1327 saepe
1504 1250 1707 1309 utitur
1748 1255 1955 1309 orator
1999 1250 2136 1309 sub-

250 1348 422 1407 sidio
480 1348 635 1406 iuris
680 1336 743 1406 in
788 1348 1012 1421 causis,
1057 1347 1289 1407 idcirco
1348 1347 1537 1407 istam
1595 1347 1749 1407 iuris
1808 1347 2132 1406 scientiam

248 1446 657 1522 eloquentiae
696 1451 1019 1523 tamquam
1060 1444 1420 1505 ancillulam
1464 1445 1994 1522 pedisequamque
2037 1444 2137 1503 ad-

249 1543 544 1603 iunxisti.

340 1640 436 1701 56.
484 1640 665 1709 Quod
718 1658 865 1698 vero
920 1638 1375 1717 impudentiam
1421 1639 1765 1699 admiratus
1810 1658 1876 1698 es
1921 1657 2136 1697 eorum
2185 1649 2268 1695 237

252 1743 685 1816 patronorum,
730 1736 839 1813 qui
899 1741 1027 1810 aut,
1084 1756 1223 1796 cum
1286 1755 1480 1815 parva
1536 1736 1868 1811 nescirent,
1913 1755 2139 1812 magna

249 1834 723 1914 profiterentur,
770 1840 881 1893 aut
936 1852 1029 1907 ea,
1075 1853 1234 1911 quae
1289 1834 1567 1894 maxima
1613 1840 1826 1893 essent
1883 1833 1951 1893 in
2001 1833 2135 1892 iure

250 1931 454 2005 civili,
488 1937 761 1991 trantare
802 1931 1107 1991 auderent
1147 1931 1215 1990 in
1258 1932 1483 2005 causis,
1529 1950 1666 1991 cum
1709 1950 1785 1990 ea
1825 1930 2141 1990 nescirent

251 2046 730 2106 numquamque
759 2028 1147 2103 didicissent,
1178 2028 1512 2107 utriusque
1547 2028 1638 2088 rei
1680 2028 1892 2089 facilis
1935 2033 2031 2087 est
2073 2034 2140 2087 et

251 2132 559 2205 prompta
591 2126 890 2187 defensio.
976 2127 1143 2186 Nam
1185 2144 1388 2204 neque
1431 2126 1589 2184 illud
1630 2131 1728 2184 est
1769 2126 2138 2198 mirandum,

251 2223 391 2301 qui,
425 2223 650 2300 quibus
679 2224 889 2284 verbis
918 2223 1228 2300 coemptio
1258 2223 1386 2297 fiat,
1417 2223 1678 2296 nesciat,
1702 2222 1975 2281 eundum
2004 2222 2138 2280 eius

255 2320 568 2395 mulieriS,
630 2340 788 2398 quae
846 2320 1302 2397 coemptionem
1362 2319 1603 2392 fecerit,
1649 2337 1898 2378 causam
1959 2337 2141 2395 posse

252 2417 637 2492 defendere3
684 2436 814 2491 nec,
846 2417 903 2476 si
942 2416 1122 2494 parvi
1164 2416 1380 2491 navigi
1423 2423 1488 2475 et
1529 2415 1743 2490 magni
1785 2415 2000 2474 eadem
2044 2421 2142 2473 est

255 2516 333 2574 in
393 2515 792 2590 gubernando
858 2514 1138 2588 scientia,
1184 2513 1417 2573 idcirco
1477 2513 1604 2591 qui,
1649 2511 1879 2589 quibus
1930 2511 2138 2570 verbis

254 2614 553 2672 heretum
612 2613 761 2671 cieri
820 2616 1125 2692 oporteat,
1169 2610 1425 2685 nesciat,
1474 2610 1638 2669 idem
1698 2609 2142 2668 herciscundae

255 2709 549 2770 familiae
579 2727 827 2768 causam
857 2727 1039 2785 agere
1072 2727 1201 2767 non
1242 2708 1460 2786 possit.
1547 2708 1712 2766 Nam
1742 2707 1910 2784 quod
1951 2706 2144 2764 maxi-
2191 2717 2278 2762 238

254 2825 400 2866 mas
443 2805 917 2866 centumviralis
960 2825 1179 2866 causas
1221 2806 1286 2864 in
1329 2805 1464 2864 iure
1513 2804 1752 2882 positas
1796 2803 2139 2881 protulisti,

257 2923 427 2982 quae
457 2904 710 2962 tandem
744 2923 957 2962 earum
998 2922 1186 2961 causa
1226 2903 1370 2977 fuit,
1403 2920 1562 2979 quae
1605 2902 1683 2961 ab
1725 2900 1978 2960 homine
2023 2901 2143 2960 elo-

257 3000 507 3078 quenti,
540 3000 693 3058 iuris
738 2999 1048 3078 imperito,
1079 3018 1205 3059 non
1234 2999 1631 3059 ornatissime
1661 2998 1940 3076 potuerit
1969 2998 2141 3057 dici?

258 3097 507 3168 Quibus
546 3097 797 3174 quidem
840 3096 906 3155 in
950 3097 1157 3156 causis
1199 3097 1505 3171 omnibus,
1536 3097 1700 3155 sicut
1743 3096 1810 3155 in
1853 3095 1990 3173 ipsa
2032 3096 2136 3154 Μ’.

260 3195 438 3268 Curi,
484 3212 644 3270 quae
687 3195 795 3254 abs
838 3200 901 3252 te
944 3212 1144 3272 nuper
1187 3199 1283 3252 est
1326 3194 1510 3266 dicta,
1556 3199 1621 3252 et
1668 3193 1737 3250 in
1786 3194 1851 3254 O.
1898 3191 2143 3252 Hostili

261 3290 551 3351 Mancini
584 3291 1010 3350 controversia
1038 3296 1226 3367 atque
1257 3291 1322 3348 in
1352 3309 1425 3349 eo
1455 3308 1664 3367 puer0,
1698 3290 1807 3367 qui
1837 3308 1914 3348 ex
1944 3289 2144 3348 altera

260 3394 457 3448 natus
500 3393 635 3446 erat
677 3407 887 3460 uxore,
918 3407 1044 3446 non
1089 3387 1346 3446 remisso
1391 3387 1615 3446 nuntio
1661 3387 1983 3465 superiori,
2015 3386 2142 3445 fuit

263 3486 437 3544 inter
482 3485 898 3562 peritissimos
940 3484 1219 3544 homines
1252 3503 1496 3543 summa
1529 3486 1606 3543 de
1648 3484 1781 3543 iure
1811 3483 2137 3542 dissensio,

217 3613 223 3620 ·
262 3583 512 3654 Quaero
554 3581 749 3658 igitur
790 3581 945 3658 quid
986 3581 1300 3643 adiuverit
1340 3587 1650 3641 oratorem
1691 3581 1760 3639 in
1799 3579 1898 3638 his
1935 3579 2140 3638 causis
2191 3589 2280 3634 239
