2816 4097
478 368 488 381 ’
588 362 626 425 8
1271 377 1340 423 Μ.
1379 376 1579 424 Tum
1616 376 1965 424 memoras
2104 374 2298 435 [L1n.1.
2320 376 2578 433 casa.

685 543 860 605 tione
914 562 1050 605 esse
1107 548 1386 620 versata3
1432 562 1558 603 non
1614 562 1739 623 quo
1794 542 1909 603 illa
1962 549 2373 619 contemnam,
2434 562 2581 621 quae

689 641 913 703 Graeci
967 640 1216 701 dicendi
1261 641 1535 701 artifices
1582 648 1647 701 et
1694 642 1979 702 doctores
2022 640 2431 719 reliquerunt,
2480 642 2580 700 sed

686 758 826 798 cum
857 739 968 799 illa
1003 744 1264 817 pateant
1305 738 1372 797 in
1416 744 1836 817 promptuque
1878 738 2007 797 sint
2049 738 2357 813 omnibus»,
2388 756 2581 816 neque

687 855 761 895 ea
814 836 1334 913 interpretatione
1393 854 1533 895 mea
1586 841 1697 895 aut
1755 835 2037 895 ornatius
2110 834 2414 912 explicari
2478 841 2581 895 aut

685 934 936 1011 planius
967 933 1232 1010 exprimi
1263 932 1527 1010 possint,
1560 932 1737 993 dabis
1769 932 1929 992 hanc
1958 932 2223 1006 veniam,
2256 932 2344 991 mi
2372 932 2579 1006 frater,

685 1038 758 1090 ut
805 1030 1040 1109 opinor,
1093 1036 1166 1089 ut
1214 1049 1447 1103 eorum,
1496 1029 1723 1107 quibus
1769 1047 2014 1088 summa
2060 1029 2309 1089 dicendi
2358 1029 2493 1089 laus
2546 1048 2583 1088 a

684 1128 916 1187 nostris
957 1125 1316 1186 hominibus
1359 1144 1654 1187 concessa
1694 1132 1809 1201 est,
1846 1125 2287 1186 auctoritatem
2332 1126 2581 1187 Graecis

683 1230 1077 1303 anteponam.

695 1402 804 1456 The
829 1402 960 1467 time,
978 1402 1151 1471 place,
1180 1402 1291 1453 and
1315 1400 1717 1453 circumstances
1742 1400 1812 1470 os
1832 1402 1911 1453 the
1936 1400 2181 1471 dialoyue
2207 1400 2371 1453 which
2404 1400 2585 1453 Cicero

990 1506 1106 1542 uses
1131 1506 1191 1542 as
1217 1490 1295 1541 the
1319 1488 1458 1541 basis
1483 1488 1552 1558 os
1576 1488 1674 1541 this
1699 1488 1919 1541 trectise.
1994 1489 2059 1555 ξς
2085 1486 2279 1539 24-29.

581 1628 639 1673 24
782 1614 835 1675 7.
883 1615 1039 1676 Cum
1080 1613 1274 1690 igitur
1309 1612 1744 1673 vehementius
1788 1611 2190 1672 inveheretur
2223 1612 2291 1672 in
2338 1631 2586 1673 causam

682 1712 1040 1790 principum
1069 1710 1289 1769 consul
1323 1710 1681 1787 Philippus,
1714 1709 2031 1787 Drusique
2075 1709 2432 1769 tribunatus
2476 1729 2587 1787 pro

683 1813 939 1868 senatus
961 1806 1335 1866 auctoritate
1355 1811 1683 1883 susceptus
1706 1804 1971 1882 infringi
2001 1806 2125 1865 iam
2147 1805 2586 1884 debilitarique

682 1905 1018 1978 videretur,
1053 1903 1177 1963 dici
1207 1902 1364 1962 mihi
1394 1902 1649 1961 memini
1680 1903 1968 1962 ludorum
1998 1903 2423 1962 Romanorum
2464 1902 2589 1962 die-

677 2004 792 2064 bus
825 2002 892 2061 L.
922 2001 1214 2063 Crassum
1245 2000 1426 2078 quasi
1458 1999 1799 2077 colligendi
1828 1999 1925 2060 sui
1955 2018 2143 2060 causa
2172 2018 2237 2060 se
2267 1999 2335 2059 in
2358 2001 2589 2060 Tuscu-

678 2102 892 2161 lanum
914 2098 1254 2159 contulisse
1276 2121 1290 2174 3
1337 2097 1583 2157 venisse
1608 2098 1843 2172 eodem,
1864 2115 2038 2157 socer
2066 2097 2198 2156 eius
2223 2097 2333 2174 qui
2356 2097 2587 2171 fuerat,

678 2200 745 2270 Q.
781 2197 1032 2257 Mucius
1059 2196 1384 2256 dicebatur
1414 2200 1479 2254 et
1518 2195 1604 2253 M.
1637 2194 1974 2269 Antonius,
2005 2194 2191 2254 homo
2232 2199 2297 2254 et
2341 2194 2591 2254 consili-

677 2317 852 2357 orum
875 2294 942 2354 in
966 2313 1029 2353 re
1053 2293 1305 2372 publica
1333 2291 1543 2352 socius
1568 2297 1632 2350 et
1661 2309 1903 2350 summa
1933 2309 2073 2350 cum
2103 2291 2326 2352 Crasso
2357 2291 2593 2350 famili-

573 2409 631 2453 25
674 2395 899 2454 aritate
928 2391 1314 2453 coniunctus
1401 2387 1707 2448 Exierant
1748 2392 1953 2471 autem
2000 2407 2139 2448 cum
2178 2387 2317 2467 ipso
2360 2389 2592 2450 Crasso

676 2491 1108 2552 adulescentes
1136 2493 1202 2548 et
1233 2487 1431 2546 Drusi
1461 2485 1729 2546 maxime
1761 2487 2102 2546 familiares
2138 2493 2205 2547 et
2244 2488 2312 2546 in
2354 2488 2591 2566 quibus

676 2606 965 2664 magnam
993 2592 1128 2645 tum
1161 2602 1339 2663 spem
1367 2584 1634 2643 maiores
1665 2590 1820 2643 natu
1848 2583 2177 2661 dignitatis
2208 2603 2357 2644 suae
2400 2585 2597 2644 collo-

675 2690 906 2758 carent,
940 2685 1005 2745 C.
1037 2684 1239 2757 Cotta,
1265 2681 1376 2760 qui
1406 2688 1543 2740 tum
1574 2681 1961 2740 tribunatum
1990 2681 2194 2760 plebis
2221 2682 2500 2759 petebat,
2526 2687 2599 2741 et

674 2783 746 2841 P.
782 2779 1114 2857 Sulpicius,
1146 2779 1255 2857 qui
1293 2779 1589 2858 deinceps
1618 2799 1761 2840 eum
1796 2779 2232 2856 magistratum
2267 2780 2599 2857 petiturus

573 2895 631 2938 26
677 2879 1031 2956 putabatur.
1115 2875 1208 2935 Hi
1253 2876 1457 2954 primo
1497 2876 1601 2954 die
1646 2877 1721 2936 de
1764 2877 2150 2955 temporibus
2207 2876 2408 2954 deque
2456 2877 2603 2936 uni-

675 2993 856 3035 versa
897 2992 964 3033 re
1005 2973 1270 3052 publica,
1303 2994 1491 3052 quam
1535 2976 1613 3036 ob
1655 2994 1907 3036 causam
1950 2979 2269 3048 venerant,
2308 2974 2601 3034 multum

675 3074 842 3132 inter
865 3091 929 3132 se
945 3090 1143 3148 usque
1167 3071 1247 3130 ad
1275 3077 1627 3132 extremum
1654 3079 1902 3150 tempus
1932 3070 2057 3130 diei
2088 3071 2385 3130 collocuti
2414 3077 2599 3131 sunt.

675 3174 808 3242 Quo
857 3171 1110 3249 quidem
1171 3189 1456 3232 sermone
1500 3170 1699 3261 multa
1744 3170 2049 3230 divinitus
2101 3189 2137 3230 a
2192 3171 2396 3232 tribus
2450 3171 2600 3232 illis

669 3270 1101 3330 consularibus
1147 3270 1337 3330 Cotta
1380 3267 1708 3348 deplorata
1743 3273 1809 3328 et
1850 3275 2335 3328 commemorata
2376 3288 2607 3329 narra-

670 3372 796 3445 bat,
825 3375 901 3429 ut
928 3367 1093 3427 nihil
1132 3364 1462 3425 incidisset
1498 3368 1716 3442 postea
1754 3364 2001 3425 civitati
2047 3365 2212 3439 mali,
2244 3366 2414 3443 quod
2460 3386 2607 3426 non

571 3481 627 3528 27
671 3467 1032 3546 impendere
1076 3463 1174 3522 illi
1223 3466 1404 3522 tanto
1448 3467 1593 3521 ante
1637 3461 1981 3537 vidissent3
2041 3481 2113 3521 eo
2156 3468 2368 3522 autem
2412 3463 2607 3522 omni

673 3581 955 3624 sermone
1025 3559 1328 3634 confectO,
1379 3564 1624 3619 tantam
1695 3558 1763 3616 in
1831 3559 2052 3620 Crasso
2120 3558 2609 3620 humanitatem
