2816 4097
217 394 319 439 Lm.
337 394 374 439 1.
392 392 523 440 OAP.
543 393 619 449 33,
638 388 731 450 34.]
977 390 1069 436 DE
1109 388 1436 437 ORATORE.

217 560 468 621 maxime
499 558 808 634 inlustria,
841 559 958 618 sub
986 576 1244 617 acumen
1281 556 1418 616 stili
1459 556 1724 616 subeant
1766 560 1831 615 et
1871 571 2073 615 succe-

216 659 356 717 dant
380 674 632 717 necesse
662 660 793 731 est3
836 660 975 714 tum
1006 654 1145 732 ipsa
1170 652 1498 713 collocatio
1531 652 2074 729 conformatioque

216 755 531 814 verborum
583 752 907 832 perficitur
955 753 1024 809 in
1072 750 1417 826 scribendo,
1467 768 1596 811 non
1654 749 1916 827 poetico,
1962 749 2072 809 sed

216 852 473 929 quodam
502 849 775 911 oratorio
806 868 1064 909 numero
1099 854 1163 908 et
1206 848 1404 907 modo.
1493 848 1668 907 Haec
1715 852 1880 921 sunt,
1914 864 2074 925 quae

216 949 503 1008 clamores
526 953 591 1007 et
612 946 1060 1006 admirationes
1089 946 1157 1005 in
1177 944 1357 1005 bonis
1380 944 1732 1005 oratoribus
1762 944 2072 1019 efficiunt3

216 1063 407 1121 neque
436 1062 511 1103 ea
544 1044 896 1121 quisquam,
926 1042 1052 1102 nisi
1092 1042 1201 1102 diu
1242 1042 1636 1119 multumque
1681 1040 2074 1119 scriptitarit,

218 1140 455 1200 etiamsi
483 1140 1031 1200 vehementissime
1067 1158 1133 1199 se
1172 1138 1240 1198 in
1278 1138 1382 1199 his
1425 1138 1652 1198 subitis
1696 1137 2074 1198 dictionibus

216 1237 570 1311 exercuerit,
596 1241 1025 1315 consequetur.
1111 1236 1195 1295 Et
1218 1236 1328 1313 qui
1356 1254 1395 1295 a
1417 1234 1732 1295 scribendi
1753 1240 2078 1295 consuetu·

215 1334 353 1395 dine
394 1335 474 1394 ad
517 1334 851 1395 dicendum
892 1333 1084 1408 venit,
1115 1333 1275 1392 hanc
1317 1333 1528 1392 adfert
1570 1331 1954 1406 facultatem,
1986 1337 2076 1406 ut,

212 1432 396 1493 etiam
419 1432 629 1492 subito
652 1432 707 1491 si
730 1431 916 1505 dicat,
940 1436 1153 1490 tamen
1181 1429 1307 1505 illa,
1333 1447 1494 1507 quae
1516 1428 1822 1503 dicantur,
1847 1428 2082 1488 similia

211 1530 582 1609 scriptorum
612 1547 750 1589 esse
779 1528 1147 1603 videantur3
1192 1532 1379 1605 atque
1408 1526 1620 1603 etiam,
1653 1526 1709 1587 si
1736 1527 1985 1604 quando
2015 1526 2082 1585 in

210 1627 471 1686 dicendo
502 1626 806 1703 scriptum
835 1625 1126 1685 attulerit
1152 1624 1410 1702 aliquid,
1442 1643 1584 1685 cum
1621 1625 1701 1684 ab
1741 1642 1814 1685 eo
1857 1623 2082 1685 disces-

213 1723 380 1797 serit,
426 1722 669 1801 reliqua
708 1721 934 1783 similis
976 1720 1175 1782 oratio
1218 1727 1651 1801 consequetur.
1741 1722 1834 1782 Ut
1883 1721 2080 1781 conci-

210 1825 344 1881 tato
373 1819 642 1897 navigiO,
672 1837 812 1879 cum
841 1820 1104 1897 remiges
1134 1818 1564 1895 inhibuerunt,
1598 1819 1828 1881 retinet
1870 1824 2082 1879 tamen

209 1918 347 1995 ipsa
374 1916 555 1977 navis
592 1922 832 1977 motum
863 1924 927 1977 et
953 1936 1205 1977 cursum
1236 1936 1417 1979 suum
1449 1917 1809 1978 intermisso
1839 1916 2081 1994 impetu

205 2016 519 2094 pulsuque
574 2034 902 2091 remorum,
962 2014 1051 2076 sic
1116 2015 1185 2075 in
1220 2015 1504 2076 oratione
1559 2020 1880 2094 perpetua,
1938 2032 2078 2075 611111

204 2113 443 2190 scripta
470 2112 785 2186 deficiunt,
817 2132 1031 2191 parem
1058 2119 1272 2174 tamen
1308 2113 1553 2173 obtinet
1595 2112 1796 2172 oratio
1840 2111 2083 2189 reliqua

205 2228 457 2268 cursum
490 2209 863 2286 scriptorum
894 2209 1309 2269 similitudine
1337 2214 1403 2268 et
1430 2209 1496 2268 vi
1524 2209 1850 2269 concitata.

289 2302 389 2363 34.
435 2305 514 2362 In
538 2304 871 2364 cotidianis
900 2309 1109 2364 autem
1132 2305 1768 2364 commentationibus
1791 2304 2082 2380 equidem

205 2399 371 2459 mihi
399 2399 907 2460 adulescentulus
937 2419 1283 2478 proponere
1320 2401 1597 2482 solebam
1639 2400 1816 2459 illam
1859 2401 2087 2460 exerci-

204 2497 519 2560 tationem
562 2495 850 2571 maxime,
895 2515 1020 2573 qua
1062 2496 1128 2556 O.
1170 2492 1533 2572 Carbonem,
1578 2502 1862 2556 nostrum
1905 2496 2087 2556 illum

204 2593 553 2668 inimicum,
595 2593 853 2654 solitum
896 2611 1031 2653 esse
1075 2593 1172 2652 uti
1213 2593 1502 2668 sciebam,
1533 2597 1606 2652 ut
1647 2598 1759 2653 aut
1799 2594 2082 2656 versibus

202 2690 551 2770 propositis
582 2709 770 2769 quam
800 2691 1071 2752 maxime
1102 2690 1397 2769 gravibus
1428 2695 1536 2750 aut
1566 2691 1844 2750 oratione
1874 2691 2087 2769 aliqua

201 2788 375 2848 lecta
416 2788 498 2848 ad
539 2808 683 2848 eum
725 2789 931 2864 finem,
963 2808 1151 2866 quem
1193 2787 1496 2848 memoria
1536 2807 1782 2866 possem
1817 2807 2087 2867 compre-

202 2885 504 2960 hendere,
534 2904 671 2945 eam
701 2904 832 2946 rem
866 2886 1086 2963 ipsam,
1118 2905 1305 2963 (1116111
1349 2884 1660 2961 legissem,
1691 2885 1898 2945 verbis
1941 2887 2083 2948 aliis

200 3001 401 3060 quam
426 2981 696 3042 maxime
724 3001 973 3059 possem
1002 2982 1184 3041 lectis
1214 2981 1700 3059 pronuntiarem.
1789 2983 1913 3042 Sed
1941 2991 2084 3062 post

198 3079 635 3139 animadverti
655 3079 773 3138 hoc
801 3097 936 3139 esse
965 3079 1033 3138 in
1061 3078 1178 3138 hoc
1208 3078 1344 3155 viti,
1376 3081 1544 3156 quod
1583 3097 1654 3139 ea
1688 3081 1895 3155 verba,
1926 3101 2084 3158 quae

199 3176 488 3236 maxime
516 3175 816 3253 cuiusque
849 3177 937 3235 rei
966 3175 1221 3254 propria
1248 3195 1533 3254 quaeque
1570 3184 1782 3238 essent
1825 3179 2086 3238 ornatis-

200 3273 378 3334 sima
406 3277 595 3348 atque
624 3272 879 3350 optima,
910 3278 1276 3351 occupasset
1303 3279 1416 3334 aut
1442 3274 1705 3351 Ennius,
1739 3275 1794 3336 si
1828 3277 1909 3336 ad
1949 3276 2084 3337 eius

198 3387 437 3428 versus
467 3387 568 3429 me
595 3388 966 3447 exercerem,
992 3375 1101 3430 aut
1131 3371 1467 3447 GracchuS,
1492 3372 1546 3432 si
1575 3373 1710 3432 eius
1740 3373 2086 3432 orationem

195 3464 376 3527 mihi
404 3466 571 3526 forte
600 3467 1091 3545 proposuissem:
1137 3469 1245 3544 ita,
1271 3469 1325 3530 si
1353 3468 1593 3530 eisdem
1621 3469 1828 3529 verbis
1856 3474 2084 3542 uterer,

195 3563 380 3626 nihil
438 3565 766 3642 prodesse3
824 3565 878 3626 si
924 3566 1086 3642 aliis,
1140 3550 1338 3627 etiam
1393 3567 1630 3640 obesse,
1680 3583 1820 3624 cum
1879 3564 2084 3623 minus

2124 366 2208 432 43

2125 858 2210 904 152

2131 1734 2216 1780 153

2135 2318 2219 2364 154
