2816 4097
268 390 394 436 Lm.
418 389 456 435 1.
481 388 609 437 CAP.
628 390 703 446 21,
726 387 823 448 22]
1068 390 1157 435 DE
1197 389 1524 436 ORATORE.

268 562 543 635 uterque
572 561 851 617 vestrum
881 554 1184 634 patefecit
1225 575 1440 617 earum
1469 555 1749 635 ipsarum
1787 575 1995 617 rerum
2033 557 2157 618 adi-

269 660 433 729 tum,
478 672 633 732 quas
676 652 1051 732 quaerimus,
1096 659 1160 713 et
1208 653 1506 732 quoniam
1555 653 1849 732 princeps
1893 656 2154 716 Crassus

270 751 413 812 eius
444 750 745 811 sermonis
776 750 1064 810 ordiendi
1096 750 1239 826 fuit,
1272 751 1416 811 date
1458 750 1638 811 nobis
1682 750 1842 811 hanc
1885 751 2152 825 veniam,

268 855 349 909 ut
377 866 471 923 ea,
502 866 660 926 quae
691 846 941 908 sentitis
971 848 1049 906 de
1077 848 1247 906 omni
1276 866 1500 923 genere
1535 848 1801 923 dicendi,
1835 847 2158 909 subtiliter

270 944 761 1023 persequamini.
846 945 1027 1014 Quod
1054 945 1309 1022 quidem
1338 943 1392 1004 si
1421 945 1541 1004 erit
1575 964 1615 1004 a
1645 946 1822 1006 vobis
1868 946 2157 1024 impetra-

268 1047 432 1117 tum,
462 1060 750 1118 magnam
785 1041 1044 1116 habeb0,
1076 1042 1316 1117 Crasse,
1348 1041 1497 1101 huic
1533 1042 1882 1119 palaestrae
1912 1048 1976 1102 et
2005 1045 2157 1102 Tus-

268 1139 501 1200 culano
528 1143 640 1199 tuo
668 1138 934 1216 gratiam
974 1143 1037 1198 et
1069 1139 1253 1214 longe
1283 1138 1660 1198 Academiae
1702 1139 1800 1197 illi
1843 1158 1916 1198 ac
1959 1140 2155 1218 Lycio

266 1243 459 1296 tuum
487 1236 606 1295 hoc
638 1236 1061 1296 suburbanum
1089 1235 1488 1314 gymnasium
1518 1242 1911 1313 anteponam.

354 1330 454 1392 22.
504 1333 665 1390 Tum
708 1331 835 1406 ille,
878 1332 1069 1391 immo
1108 1351 1275 1406 vero,
1313 1332 1541 1410 inquit,
1577 1332 1834 1410 Sulpici,
1868 1352 2154 1410 rogemus

266 1428 644 1502 Antonium,
676 1429 785 1506 qui
814 1434 878 1487 et
908 1433 1117 1506 potest
1146 1429 1369 1503 facere,
1402 1429 1570 1507 quod
1601 1430 1884 1507 requiris,
1917 1436 1981 1490 et
2019 1449 2157 1491 con-

267 1525 503 1599 suevit,
546 1531 619 1584 ut
659 1530 723 1585 te
764 1525 950 1585 audio
993 1525 1215 1585 dicere.
1301 1526 1468 1586 Nam
1512 1544 1610 1585 me
1653 1527 1907 1604 quidem
1950 1527 2158 1587 fateor

271 1640 523 1698 semper
558 1639 597 1680 a
624 1639 849 1697 genere
890 1621 1005 1682 hoc
1048 1627 1184 1682 toto
1226 1623 1532 1682 sermonis
1575 1623 1885 1698 refugisse
1929 1630 1993 1684 et
2035 1624 2155 1683 tibi

2206 373 2290 436 29

275 1717 560 1796 cupienti
606 1723 794 1796 atque
846 1719 1112 1779 instanti
1162 1719 1529 1798 saepissime
1579 1739 1860 1798 negasse,
1904 1727 1976 1781 ut
2018 1727 2157 1781 tute
2210 1736 2215 1741 ·

279 1814 469 1893 paulo
521 1821 662 1874 ante
719 1815 960 1875 dixisti.
1045 1817 1221 1886 Quod
1272 1836 1386 1892 ego
1436 1836 1563 1876 non
1613 1819 1906 1895 superbia
1953 1838 2156 1897 neque

272 1911 737 1973 inhumanitate
767 1912 1074 1972 faciebam
1103 1932 1304 1991 neque
1336 1915 1502 1992 quod
1540 1920 1650 1974 tuo
1695 1916 1907 1976 studio
1942 1917 2156 1976 rectis-

268 2009 437 2071 simo
480 2015 669 2089 atque
718 2009 957 2088 optimo
1006 2029 1134 2071 non
1181 2011 1443 2089 obsequi
1493 2012 1737 2087 vellem,
1786 2013 2156 2091 praesertim

266 2127 417 2168 cum
440 2113 503 2167 te
525 2127 719 2167 unum
750 2126 827 2167 ex
848 2106 1137 2169 omnibus
1166 2109 1247 2167 ad
1276 2109 1609 2169 dicendum
1640 2111 1909 2170 maxime
1939 2117 2155 2171 natum

269 2210 617 2282 aptumque
661 2222 1043 2281 cognossem,
1089 2206 1199 2264 sed
1250 2205 1603 2265 mehercule
1648 2207 1831 2265 istius
1883 2207 2157 2285 disputa

192 2375 209 2387 ·
268 2301 468 2361 tionis
514 2301 851 2361 insolentia
892 2306 1079 2379 atque
1128 2320 1344 2361 earum
1386 2322 1612 2376 rerum,
1658 2322 1817 2380 quae
1868 2304 2047 2381 quasi
2091 2305 2157 2363 in

267 2405 411 2459 arte
465 2398 821 2473 traduntur,
879 2399 1149 2459 inscitia.
1244 2399 1407 2458 Tum
1464 2400 1668 2473 Cotta,
1714 2400 2008 2477 quoniam
2066 2402 2150 2475 id,

268 2496 443 2574 quod
473 2494 911 2555 difficillimum
941 2496 1118 2556 nobis
1149 2494 1498 2571 videbatur,
1531 2502 1604 2555 ut
1637 2497 1890 2556 omnino
1935 2499 2010 2556 de
2055 2498 2156 2559 his

269 2592 479 2666 rebus»,
519 2593 757 2667 Crasse,
804 2592 1143 2670 loquerere,
1188 2593 1470 2653 adsecuti
1513 2612 1746 2667 sumus,
1792 2595 1869 2653 de
1915 2595 2155 2672 reliquo

266 2690 401 2749 iam
443 2694 659 2749 nostra
700 2689 887 2767 culpa
929 2689 1143 2764 fuerit,
1177 2689 1230 2749 si
1274 2695 1354 2764 te,
1386 2690 1514 2749 nisi
1556 2690 1783 2766 omnia,
1822 2711 1980 2769 quae
2025 2712 2157 2770 per-

266 2785 517 2847 contati
585 2786 837 2859 erimuS,
908 2786 1259 2863 explicaris,
1326 2787 1767 2848 dimiserimus,
1877 2790 1972 2849 De
2042 2791 2149 2865 eis,

266 2883 477 2958 credo,
510 2884 713 2957 rebus,
745 2883 956 2962 inquit
998 2884 1278 2958 CrassuS,
1315 2890 1387 2944 ut
1431 2884 1498 2943 in
1540 2886 1921 2945 cretionibus
1967 2888 2153 2947 scribi

266 2980 471 3041 solet:
531 2998 773 3046 QUIBUS
832 2997 1037 3040 361ΑΜ
1089 2998 1491 3047 POTEROQUE.
1593 2984 1753 3041 Tum
1825 2968 1950 3058 ille,
2009 3004 2155 3045 nam

267 3077 444 3156 quod
485 3083 558 3136 tu
598 3096 726 3135 non
767 3077 1005 3154 poteris
1047 3082 1157 3136 aut
1199 3077 1457 3151 nescieS,
1504 3079 1647 3156 quis
1695 3085 1981 3140 nostrum
2024 3089 2153 3141 tam

266 3174 607 3252 impudens
636 3179 749 3247 est,
784 3174 893 3251 qui
923 3192 988 3234 se
1018 3173 1179 3233 scire
1209 3179 1319 3233 aut
1348 3194 1532 3252 posse
1564 3176 1845 3253 postulet
1865 3179 1897 3237 ?

355 3272 494 3329 Iam
537 3288 683 3329 vero
727 3270 853 3330 ista
894 3270 1272 3345 condicione,
1305 3272 1453 3331 dum
1498 3272 1656 3331 mihi
1698 3273 1887 3333 liceat
1929 3293 2153 3350 negare

270 3386 459 3447 posse
490 3368 660 3445 quod
688 3387 809 3427 non
842 3373 1059 3445 potero
1090 3375 1152 3427 et
1183 3368 1370 3428 fateri
1392 3369 1635 3430 nescire
1664 3371 1831 3448 quod
1858 3371 2151 3445 nesciam,

269 3466 445 3539 licet,
476 3463 686 3542 inquit
714 3465 993 3530 Crassus,
1025 3470 1236 3525 vestro
1268 3466 1576 3525 arbitratu
1606 3466 2076 3544 percontemini.

2207 2416 2292 2460 100

2205 2802 2288 2848 101
