2816 4097
563 372 647 437 72

538 3276 625 3322 241

1214 388 1285 435 11.
1320 388 1522 436 ‘rcus
1559 386 1916 435 CICERONIS
2017 386 2547 446 [In.1.cn.5c,5·1.

694 555 851 615 iuris
878 552 1159 628 scientia,
1188 573 1329 613 cum
1366 553 1474 613 hic
1499 552 1658 613 iuris
1685 554 2016 615 consultus
2043 555 2334 633 superior
2373 555 2550 615 fuerit

694 652 1099 725 discessurus,
1144 652 1255 728 qui
1296 660 1466 711 esset
1517 670 1644 710 non
1687 670 1802 711 suo
1843 651 2131 725 artificio,
2173 652 2290 711 sed
2341 652 2548 727 alieno,

694 749 813 808 hoc
840 756 953 823 est,
974 766 1101 807 non
1128 748 1285 807 iuris
1314 747 1598 821 scientia,
1621 748 1734 807 sed
1759 748 2124 826 eloquentia
2149 755 2544 809 sustentatus.

692 846 1003 923 Equidem
1044 845 1161 905 hoc
1204 864 1389 923 saepe
1417 845 1656 919 audivi,
1681 863 1825 904 eum
1851 846 2245 905 aedilitatem
2289 846 2363 905 P.
2393 846 2552 907 Cras-

694 961 803 1002 sus
860 948 1105 1020 peteret
1144 961 1413 1020 eumque
1455 941 1654 1001 maior
1693 948 1850 1001 natu
1905 948 1973 1001 et
2027 942 2154 1002 iam
2213 943 2551 1002 consularis

695 1040 823 1099 Ser.
870 1039 1073 1101 Galba
1112 1040 1562 1113 adsectaretur,
1603 1039 1772 1116 quod
1819 1039 2034 1099 Crassi
2081 1039 2278 1099 filiam
2321 1040 2387 1101 O.
2433 1039 2552 1099 filio

692 1156 805 1197 suo
846 1136 1305 1214 despondisset,
1348 1135 1688 1196 accessisse
1728 1136 1810 1195 ad
1857 1136 2154 1196 Crassum
2195 1136 2552 1196 consulendi

692 1252 879 1293 causa
918 1234 1229 1311 quendam
1272 1232 1678 1305 rusticanum,
1709 1232 1818 1309 qui
1863 1251 2006 1291 cum
2049 1233 2344 1293 Crassum
2391 1234 2554 1292 sedu-

689 1332 889 1391 xisset
920 1338 1111 1407 atque
1143 1330 1225 1389 ad
1264 1348 1410 1389 eum
1439 1329 1808 1403 rettulisset,
1841 1348 2336 1407 responsumque
2377 1331 2454 1390 ab
2483 1349 2554 1389 eo

692 1447 925 1501 verum,
968 1427 1169 1503 magis
1218 1445 1407 1505 quam
1465 1427 1547 1486 ad
1603 1445 1782 1486 suam
1840 1444 1972 1485 rem
2029 1427 2550 1487 accommodatum

688 1525 1071 1597 abstulisset,
1110 1530 1183 1583 ut
1224 1542 1368 1583 eum
1407 1523 1656 1583 tristem
1701 1523 1906 1585 Galba
1945 1522 2128 1595 vidit,
2172 1524 2422 1583 nomine
2461 1543 2558 1602 ap-

690 1622 955 1699 pellavit
996 1621 1438 1699 quaesivitque
1477 1640 1604 1699 qua
1629 1622 1708 1681 de
1739 1640 1804 1679 re
1833 1621 1915 1680 ad
1955 1620 2252 1681 Crassum
2287 1619 2558 1680 rettulis-

690 1724 802 1777 set.
874 1719 974 1777 Ex
1002 1736 1125 1795 quo
1154 1724 1229 1777 ut
1256 1717 1522 1791 audivit,
1541 1722 2045 1796 commotumque
2073 1724 2149 1777 ut
2175 1717 2341 1777 vidit
2371 1717 2560 1777 homi-

687 1834 849 1888 nem,
902 1833 1221 1893 suspenso,
1272 1814 1496 1892 inquit,
1539 1814 1750 1873 animo
1805 1822 1869 1873 et
1921 1820 2224 1892 occupato
2267 1814 2558 1875 Crassum

688 1911 807 1972 tibi
850 1912 1245 1989 respondisse
1272 1910 1494 1985 vide03
1536 1911 1761 1970 deinde
1803 1911 2012 1989 ipsum
2045 1910 2346 1973 Crassum
2375 1930 2562 1971 manu

687 2009 1037 2089 prehendit,
1083 2014 1145 2068 et
1201 2008 1357 2068 heus
1404 2014 1497 2082 tu,
1541 2007 1769 2087 inquit,
1815 2006 1969 2087 quid
2012 2007 2132 2068 tibi
2176 2007 2246 2067 in
2288 2014 2560 2069 mentem

685 2107 861 2167 venit
898 2107 989 2166 ita
1016 2105 1389 2184 respondere
1410 2107 1443 2163 ⁶?
1525 2106 1686 2164 Tum
1727 2105 1836 2165 ille
1875 2105 2160 2179 fidenter,
2191 2106 2379 2165 homo
2409 2106 2564 2184 peri-

684 2205 985 2277 tissimus,
1018 2203 1385 2263 confirmare
1427 2202 1522 2262 ita
1551 2221 1620 2262 se
1663 2221 1792 2262 rem
1834 2202 2084 2275 habere,
2113 2207 2189 2262 ut
2213 2203 2564 2280 respondis-

682 2308 797 2376 set,
828 2320 942 2361 nec
986 2300 1245 2360 dubium
1288 2318 1426 2360 esse
1469 2318 1669 2377 posse.
1757 2299 1960 2360 Galba
1999 2305 2212 2359 autem
2255 2299 2562 2359 adludens

682 2399 853 2459 varie
896 2405 963 2460 et
1000 2397 1251 2476 copiose
1293 2396 1527 2456 multas
1569 2395 2018 2456 similitudines
2061 2395 2313 2455 adferre
2341 2397 2564 2456 multa.-
2645 2409 2652 2418 ·

681 2515 800 2575 que
832 2515 944 2574 pro
973 2494 1293 2573 aequitate
1321 2499 1542 2554 contra
1569 2494 1668 2553 ius
1699 2494 1934 2568 dicere3
1973 2499 2166 2570 atque
2195 2493 2400 2567 illum,
2419 2512 2564 2553 cum

681 2593 1045 2652 disserendo
1104 2610 1218 2668 par
1276 2609 1414 2651 esse
1471 2609 1597 2649 non
1657 2595 1871 2668 posset
1891 2625 1972 2634 —
1993 2609 2376 2667 quamquam
2433 2588 2570 2648 fuit

681 2691 943 2752 Crassus
983 2689 1049 2747 in
1088 2707 1347 2747 numero
1377 2687 1772 2761 disertorum,
1805 2687 1914 2747 sed
1951 2705 2066 2764 par
2103 2685 2344 2747 Galbae
2385 2685 2568 2746 nullo

678 2787 861 2846 modo
886 2823 969 2832 —
995 2786 1077 2845 ad
1144 2790 1426 2845 auctores
1483 2783 1858 2858 confugisse,
1915 2789 1980 2842 et
2033 2782 2120 2856 id,
2177 2785 2348 2860 quod
2423 2783 2568 2862 ipse

678 2877 931 2949 diceret,
964 2882 1028 2935 et
1058 2876 1125 2936 in
1151 2877 1222 2935 P.
1256 2877 1430 2936 Muci
1459 2875 1680 2936 fratris
1709 2876 1805 2935 sui
1837 2876 2018 2936 libris
2045 2883 2110 2936 et
2136 2876 2204 2935 in
2235 2879 2378 2938 Sex.
2411 2879 2570 2938 Aeli

676 2972 1139 3033 commentariis
1192 2973 1496 3050 scriptum
1543 2973 1899 3050 protulisse,
1943 2992 2014 3032 ac
2055 2979 2270 3034 tamen
2313 2994 2573 3036 conces-

677 3070 834 3130 sisse
865 3068 1100 3130 Galbae
1134 3069 1630 3147 disputationem
1675 3068 1796 3130 sibi
1839 3070 2220 3147 probabilem
2251 3079 2319 3132 et
2362 3091 2574 3151 prope

676 3185 889 3227 veram
918 3165 1136 3225 videri.

755 3262 852 3324 5⁸7.
914 3263 1001 3322 Et
1058 3262 1243 3336 enim,
1288 3281 1448 3340 quae
1507 3282 1731 3324 causae
1791 3270 1940 3324 sunt
1989 3264 2315 3343 eiusmodi,
2359 3272 2440 3328 ut
2489 3268 2575 3327 de

672 3379 883 3421 earum
927 3359 1060 3419 iure
1095 3359 1355 3419 dubium
1398 3379 1533 3421 esse
1577 3380 1704 3420 non
1739 3362 1957 3440 possit,
1987 3362 2240 3422 omnino
2283 3363 2352 3423 in
2396 3365 2576 3424 iudi-

671 3458 836 3519 cium
878 3456 1090 3517 vocari
1145 3475 1269 3516 nou
1314 3456 1536 3516 solent.
1621 3458 1792 3517 Num
1834 3460 1977 3537 quis
2027 3479 2098 3519 eo
2145 3465 2573 3535 testamentO,

672 3556 840 3633 quod
882 3559 1061 3632 pater
1100 3553 1376 3612 familias
1419 3558 1566 3613 ante
1609 3553 1780 3630 fecit,
1811 3575 1997 3633 quam
2039 3556 2098 3615 ei
2144 3556 2316 3618 filius
2361 3565 2574 3618 natus
