2816 4097
267 390 369 437 Lm.
392 392 429 439 1.
451 391 576 440 cu».
594 394 666 451 eo,
687 392 781 453 61.]
1017 392 1106 441 nx
1146 392 1476 443 olum-ome.
2165 374 2251 443 79

258 559 331 618 ad
358 559 435 635 id,
468 561 633 638 quod
674 560 955 639 cupiunt,
986 561 1457 641 adipiscendum
1488 581 1682 647 prope
1711 562 2110 625 necessarias.

259 656 413 716 Nam
433 663 498 717 et
525 658 766 719 subitae
795 658 877 719 ad
904 659 1256 737 propositas
1286 678 1507 720 causas
1535 660 2019 721 exercitationes
2049 666 2114 720 et
2163 672 2249 720 25⁷

256 760 563 815 accuratae
606 774 677 815 ac
719 755 1055 816 meditatae
1091 758 1647 818 commentationes
1674 775 1746 818 ac
1774 758 1964 819 stilus
2005 757 2114 817 ille

254 855 406 927 tuus,
438 871 623 930 quem
664 858 737 913 tu
776 872 922 913 vere
964 852 1185 914 dixisti
1228 854 1642 931 perfectorem
1685 854 1935 915 dicendi
1977 874 2114 915 esse

251 965 315 1007 ac
369 950 757 1025 magistrum,
803 950 989 1010 multi
1045 950 1287 1012 sudoris
1338 958 1471 1028 est3
1536 958 1600 1012 et
1650 952 1763 1013 illa
1809 951 2112 1013 orationis

250 1063 389 1106 suae
443 1066 583 1107 cum
642 1047 897 1125 scriptis
952 1046 1175 1108 alienis
1232 1048 1618 1128 comparatio
1666 1054 1731 1110 et
1779 1050 1856 1109 de
1907 1049 2113 1110 alieno

248 1144 471 1222 scripto
514 1144 727 1204 subita
760 1143 863 1204 vel
905 1144 1202 1205 laudandi
1232 1145 1333 1206 vel
1363 1146 1768 1225 vituperandi
1811 1146 1911 1206 vel
1955 1164 2114 1207 com·

248 1241 543 1317 probandi
561 1241 664 1301 vel
686 1241 1017 1301 refellendi
1047 1261 1234 1303 causa
1260 1241 1611 1321 disputatio
1633 1262 1759 1303 non
1780 1242 2110 1303 mediocris

246 1338 663 1399 contentionis
691 1344 789 1399 est
817 1338 921 1399 vel
948 1339 1029 1399 ad
1057 1340 1420 1399 memoriam
1451 1339 1552 1400 vel
1582 1340 1663 1400 ad
1690 1339 2081 1400 imitandum.

319 1434 411 1495 61.
478 1436 656 1496 Illud
724 1454 871 1495 vero
940 1435 1067 1495 fuit
1138 1436 1457 1512 horribile,
1519 1437 1688 1514 quod
1756 1437 2108 1497 mehercule
2160 1450 2247 1496 258

244 1552 453 1593 vereor
506 1552 590 1593 116
642 1534 937 1593 maiorem
994 1534 1125 1592 vim
1181 1533 1262 1594 ad
1324 1533 1766 1594 deterrendum
1823 1534 2112 1594 habuerit

244 1649 422 1707 quam
464 1632 547 1691 ad
590 1630 1059 1691 cohortandum.
1144 1629 1422 1692 Voluisti
1453 1631 1619 1690 enim
1649 1631 1716 1690 in
1747 1651 1858 1692 suo
1889 1650 2111 1709 genere

241 1747 426 1787 unum
456 1747 773 1807 quemque
815 1735 1099 1789 nostrum
1142 1727 1323 1807 quasi
1368 1730 1680 1806 quendam
1721 1748 1858 1790 esse
1901 1729 2116 1789 Rosci·

238 1844 370 1902 um3
417 1825 769 1904 dixistique
812 1845 940 1885 non
980 1831 1112 1886 tam
1154 1844 1245 1901 ea,
1289 1844 1450 1904 quae
1493 1832 1665 1886 recta
1705 1832 1930 1901 essent,
1977 1846 2113 1905 pro·

237 1922 383 1998 bari,
414 1942 610 2002 quam
652 1940 813 2001 quae
855 1940 1063 2000 prava,
1104 1923 1385 1983 fastidiis
1429 1924 1903 2000 adhaerescere3
1946 1925 2113 2001 quod

238 2038 345 2098 ego
373 2040 510 2081 non
535 2025 667 2080 tam
710 2020 1039 2081 fastidiose
1067 2020 1135 2080 in
1163 2021 1341 2082 nobis
1371 2040 1560 2100 quam
1595 2022 1664 2082 in
1697 2020 2112 2083 histrionibus

238 2118 511 2196 spectari
554 2123 722 2196 pute.
807 2118 1035 2196 Itaque
1077 2137 1193 2179 nos
1221 2137 1438 2179 raucos
1474 2137 1658 2197 saepe
1686 2119 2110 2179 attentissime
2161 2131 2249 2176 259

236 2216 438 2275 audiri
486 2215 705 2290 vide03
763 2221 940 2274 tenet
982 2215 1150 2274 enim
1200 2234 1297 2275 res
1353 2216 1495 2293 ipsa
1535 2221 1724 2292 atque
1768 2233 1987 2290 causa;
2049 2221 2114 2274 at

237 2312 577 2392 Aesopum,
624 2312 680 2372 si
722 2312 975 2389 paulum
1033 2312 1377 2387 irrauserit,
1421 2311 1692 2390 explodi.
1779 2313 1839 2370 A
1882 2311 2110 2388 quibus

238 2411 399 2470 enim
438 2409 606 2470 nihil
648 2416 897 2486 praeter
939 2409 1331 2486 voluptatem
1373 2409 1619 2469 aurium
1663 2410 2003 2485 quaeritur,
2049 2409 2118 2466 in

236 2509 326 2568 eis
381 2506 748 2582 offenditur,
797 2506 986 2566 simul
1040 2513 1230 2583 atquc
1285 2505 1683 2566 imminuitur
1739 2505 1982 2583 aliquid
2037 2506 2112 2565 de

238 2606 602 2685 voluptate:
650 2605 719 2663 in
747 2602 1067 2682 eloquenti
1110 2609 1320 2662 autem
1342 2602 1542 2662 multa
1573 2608 1719 2663 sunt
1760 2621 1919 2681 quae
1950 2609 2115 2662 tene-

234 2709 362 2778 ant,
424 2720 588 2781 quae
643 2701 699 2761 si
754 2701 965 2761 omnia
1018 2713 1260 2761 summa
1313 2719 1441 2759 non
1495 2705 1644 2760 sunt
1699 2707 1761 2760 et
1818 2699 2114 2778 pleraque

236 2805 455 2860 tamen
502 2817 729 2876 magna
775 2804 942 2873 sunt,
988 2815 1242 2858 necesse
1285 2803 1380 2858 est
1422 2815 1498 2857 ea
1546 2797 1708 2875 ipsa,-
1747 2816 1903 2875 quae
1947 2804 2111 2874 sunt,

236 2895 559 2957 mirabilia
585 2895 810 2956 videri.

316 2995 511 3070 Erg0,
540 2998 615 3053 ut
642 2992 722 3052 ad
750 2991 1021 3070 primum
1049 2992 1210 3052 illud
1253 2999 1550 3068 revertar,
1581 2993 1668 3054 sit
1693 2999 1904 3053 orator
1930 2994 2112 3054 nobis
2163 3009 2252 3055 260

234 3091 310 3167 is,
342 3091 476 3170 qui,
506 3096 580 3151 ut
608 3090 871 3152 Crassus
899 3089 1252 3167 descripsit,
1272 3090 1732 3151 accommodate
1760 3091 1841 3150 ad
1870 3109 2119 3168 persua-

236 3188 517 3249 dendum
561 3187 763 3265 possit
805 3187 1031 3247 dicere.
1118 3188 1186 3247 Is
1230 3194 1441 3248 autem
1484 3188 1892 3248 concludatur
1929 3188 1996 3247 in
2025 3208 2114 3264 ea,

235 3304 404 3364 quae
434 3289 583 3345 sunt
628 3284 694 3342 in
730 3303 850 3344 usu
878 3285 1207 3345 civitatum
1239 3284 1485 3359 vulgari
1527 3301 1600 3344 ac
1640 3284 1895 3359 forensi,
1929 3303 2120 3344 remo-

236 3382 453 3460 tisque
495 3379 721 3441 ceteris
764 3380 1013 3456 studiis,
1059 3381 1345 3457 quamvis
1387 3399 1464 3440 ea
1504 3381 1636 3440 sint
1676 3380 1888 3458 ampla
1927 3386 2117 3456 atque

236 3478 581 3557 praeclara,
626 3477 694 3536 in
735 3477 855 3537 hoc
893 3497 1019 3538 uno
1059 3495 1260 3556 opere,
1291 3483 1364 3538 ut
1404 3478 1500 3537 ita
1541 3477 1763 3552 dicam,
1809 3477 2012 3535 noctis
2055 3481 2119 3533 et

239 3577 381 3637 dies
435 3580 769 3651 urgeatur3
842 3574 1246 3650 imiteturque
1314 3559 1542 3649 illum,
1571 3573 1674 3632 cui
1731 3571 1866 3633 'sine
1927 3570 2117 3629 dubio
