2816 4097
548 400 628 464 76

534 2736 618 2781 251

1199 414 1269 462 M.
1307 416 1506 464 TULLI
1547 416 1900 464 CICERONIS
2003 416 2140 475 [Lm.
2163 418 2204 465 1.
2227 417 2363 465 CAR.
2385 421 2540 478 58,59.

679 583 811 658 agri
871 583 1117 643 cultura
1174 590 1284 644 aut
1356 584 1791 661 imperandum
1851 586 2040 646 vilico
2099 592 2214 662 est,
2268 588 2542 665 Magonis

678 680 1233 757 Karthaginiensis
1295 687 1442 741 sunt
1504 681 1650 741 libri
1713 683 2170 759 perdiscendi?
2277 686 2384 743 An
2441 686 2542 745 hac

677 777 988 836 communi
1017 777 1456 854 intellegentia
1484 779 1765 838 contenti
1794 798 1931 839 esse
1964 800 2299 857 possumus
2317 784 2350 841 ⁴?
2433 784 2544 843 Cur

678 894 823 950 ergo
881 894 1008 934 non
1061 874 1264 933 eidem
1322 875 1391 933 in
1449 875 1582 935 iure
1641 876 1836 950 civili,
1881 878 2256 955 praesertim
2300 898 2437 938 cum
2481 879 2542 937 in

678 972 881 1031 causis
939 977 1004 1031 et
1060 972 1151 1029 in·
1181 972 1450 1048 negotiis
1507 978 1572 1032 et
1626 973 1694 1031 in
1750 974 1889 1033 foro
1939 980 2357 1051 conteramur,
2403 976 2542 1037 satis

676 1068 968 1128 instructi
1030 1088 1163 1127 esse
1228 1088 1562 1146 possumus
1619 1070 1700 1128 ad
1762 1070 1880 1130 hoc
1938 1072 2290 1147 dumtaxat,
2353 1092 2430 1133 ne
2481 1075 2542 1133 in

675 1172 893 1225 nostra
920 1165 1125 1242 patria
1153 1166 1467 1243 peregrini
1495 1171 1685 1243 atque
1714 1168 1993 1228 advenae
2011 1188 2149 1228 esse
2179 1169 2541 1230 videamur?

680 1262 772 1321 Ac
818 1262 872 1322 si
913 1263 1037 1321 iam
1084 1263 1167 1322 sit
1208 1282 1397 1323 causa
1425 1263 1637 1340 aliqua
1679 1263 1758 1322 ad
1800 1283 1914 1323 nos
1958 1266 2172 1325 delata
2214 1268 2538 1341 obscurior,

674 1359 946 1432 difficile,
992 1360 1191 1433 cred0,
1237 1360 1324 1419 sit
1364 1378 1506 1420 cum
1551 1361 1668 1420 hoc
1714 1361 2017 1421 Scaevola
2057 1365 2538 1439 communicare3

676 1476 1053 1535 quamquam
1082 1457 1205 1534 ipsi
1234 1457 1462 1531 omnia,
1483 1476 1750 1534 quorum
1779 1459 2102 1533 negotium
2133 1467 2248 1535 est,
2271 1462 2544 1521 consulta

675 1555 756 1613 ad
785 1573 897 1612 nos
928 1560 990 1613 et
1020 1554 1337 1631 exquisita
1375 1555 1690 1613 deferunt.
1779 1555 1882 1613 An
1912 1574 2078 1631 vero,
2107 1557 2160 1615 si
2193 1558 2270 1616 de
2304 1578 2368 1617 re
2398 1559 2539 1636 ipsa,

676 1652 732 1710 si
759 1652 837 1709 de
872 1651 1117 1724 finibuS,
1149 1670 1290 1710 cum
1333 1651 1400 1709 in
1445 1671 1573 1709 rem
1619 1658 2008 1729 praesentem
2046 1654 2349 1728 venimuS,
2381 1656 2433 1713 si
2471 1656 2542 1714 de

674 1748 907 1807 tabulis
938 1755 1001 1806 et
1036 1748 1596 1825 perscriptionibus
1626 1750 2055 1809 controversia
2083 1756 2201 1824 est,
2233 1757 2542 1811 contortas

674 1864 771 1904 res
804 1852 867 1904 et
896 1864 1081 1922 saepe
1110 1844 1382 1903 difficilis
1414 1846 1764 1904 necessario
1802 1847 2253 1922 perdiscimus:
2303 1849 2356 1908 si
2385 1849 2541 1925 leges

674 1943 852 2001 nobis
908 1948 1016 2001 aut
1074 1942 1127 2001 si
1188 1942 1511 2001 hominum
1573 1942 1918 2018 peritorum
1981 1963 2284 2021 responsa
2340 1964 2545 2021 cogno-

674 2039 902 2099 scenda
942 2045 1107 2112 sunt,
1154 2059 1442 2098 veremur
1485 2059 1563 2098 ne
1605 2058 1692 2114 ea,
1739 2040 1794 2099 si
1837 2040 1916 2100 ab
1958 2040 2388 2102 adulescentia
2427 2041 2544 2101 iuri

674 2137 846 2196 civili
877 2138 1083 2196 minus
1113 2136 1558 2211 studuerimus,
1589 2156 1714 2196 non
1743 2157 2042 2214 queamus
2073 2158 2442 2214 cognoscere
2463 2142 2491 2197 ἱ)

752 2233 847 2295 59.
894 2233 1160 2293 Nihilne
1202 2233 1399 2311 igitur
1440 2233 1696 2310 prodest
1742 2235 1976 2294 oratori
2015 2235 2172 2294 iuris
2204 2237 2410 2296 civilis
2441 2235 2546 2296 sci-

672 2333 845 2391 entia
864 2335 895 2390 ?
979 2332 1041 2390 N
1045 2351 1125 2389 on
1176 2350 1424 2407 possum
1468 2349 1696 2406 negare
1752 2331 2048 2407 prodesse
2105 2332 2304 2391 ullam
2363 2333 2544 2394 scien-

670 2430 843 2502 tiam,
900 2429 957 2488 ei
1014 2428 1402 2505 praesertim,
1453 2427 1631 2487 cuius
1688 2427 2052 2505 eloquentia
2105 2430 2290 2506 copia
2346 2449 2544 2490 rerum

670 2528 892 2586 debeat
935 2545 1070 2586 esse
1116 2531 1369 2598 ornata3
1417 2526 1528 2584 sed
1571 2525 1772 2584 multa
1813 2531 1879 2584 et
1923 2544 2146 2600 magna
2175 2533 2240 2584 et
2272 2526 2546 2586 difficilia

670 2630 819 2684 sunt
861 2643 949 2697 ea,
995 2642 1154 2700 quae
1198 2627 1345 2680 sunt
1388 2622 1621 2681 oratori
1665 2621 2031 2696 necessaria,
2077 2628 2149 2682 ut
2193 2624 2332 2684 eius
2376 2624 2546 2683 indu-

673 2722 891 2782 striam
927 2722 993 2780 in
1024 2721 1205 2797 plura
1235 2719 1446 2778 studia
1473 2719 1824 2778 distrahere
1867 2719 2076 2778 nolim.
2164 2721 2322 2790 Quis
2363 2725 2548 2796 neget

670 2838 827 2897 opus
888 2837 1025 2877 esse
1087 2817 1319 2876 oratori
1380 2817 1448 2875 in
1505 2816 1619 2875 hoc
1681 2817 1952 2875 oratorio
2017 2823 2193 2876 motu
2253 2824 2546 2894 statuque

671 2916 862 2976 Rosci
906 2921 1149 2990 gestum
1179 2920 1243 2974 et
1266 2916 1714 2974 venustatem?
1800 2916 2035 2973 Tamen
2064 2932 2248 2974 nemo
2279 2914 2550 2975 suaserit

670 3013 970 3074 studiosis
1022 3012 1269 3071 dicendi
1328 3011 1833 3071 adulescentibus
1895 3011 1961 3069 in
2019 3017 2201 3087 gestu
2251 3011 2550 3072 discendo

668 3111 1050 3170 histrionum
1109 3128 1278 3168 more
1334 3109 1670 3168 elaborare.
1754 3108 1918 3178 Quid
1978 3115 2074 3168 est
2133 3111 2370 3168 oratori
2415 3115 2553 3168 tam

671 3208 1092 3268 necessarium
1152 3225 1341 3283 quam
1387 3208 1557 3264 vox?
1641 3207 1877 3264 Tamen
1923 3223 2020 3264 me
2064 3211 2322 3265 auctore
2367 3223 2552 3264 nemo

670 3305 919 3367 dicendi
962 3303 1281 3364 studiosus
1328 3303 1706 3363 Graecorum
1736 3319 1905 3361 more
1941 3303 2381 3380 tragoedorum
2409 3299 2556 3361 voci

671 3404 921 3478 serviet,
952 3402 1063 3481 qui
1092 3407 1155 3461 et
1185 3420 1379 3460 annos
1411 3399 1752 3478 compluris
1798 3399 2085 3459 sedentes
2116 3400 2555 3472 declamitant,

668 3510 732 3562 et
775 3501 1020 3575 cotidie,
1067 3505 1215 3559 ante
1272 3517 1460 3575 quam
1520 3497 1945 3575 pronuntient,
1990 3515 2203 3556 vocem
2248 3498 2558 3557 cubantes

673 3599 906 3660 sensim
935 3597 1233 3669 excitant,
1255 3595 1654 3672 eandemque,
1687 3613 1827 3653 cum
1858 3600 2122 3671 egerunt
2151 3595 2438 3656 sedentes
2472 3593 2558 3652 ab
