2816 4097
571 372 652 439 10

568 864 624 908 31

567 1643 624 1689 32

567 3495 625 3541 34

1226 394 1296 439 Μ.
1333 393 1532 441 TULLI
1572 392 1919 441 CICERONIS
2152 390 2287 451 [Lm.
2313 392 2352 438 1.
2377 392 2489 439 GAP.
2510 395 2547 440 8.

671 558 994 637 impellere
1022 579 1146 639 quo
1176 561 1348 637 velit,
1377 562 1542 621 unde
1572 568 1781 621 autem
1811 561 1969 621 velit
1996 562 2315 621 deducere.
2400 562 2553 623 Haec

670 676 795 716 una
827 675 925 717 res
959 658 1027 717 in
1067 659 1236 717 omni
1277 658 1474 719 libero
1519 659 1750 737 populo
1792 658 2185 737 maximeque
2228 659 2296 717 in
2334 659 2551 737 pacatis

671 754 1155 832 tranquillisque
1179 756 1542 817 civitatibus
1565 756 1899 834 praecipue
1924 774 2169 834 semper
2188 756 2400 816 floruit
2421 775 2555 817 sem-

671 870 905 929 perque
933 852 1255 914 dominata
1281 859 1395 913 est.
1483 853 1648 923 Quid
1680 852 1851 913 enim
1884 859 1981 913 est
2012 858 2125 913 aut
2157 858 2287 913 tam
2316 854 2557 913 admira

670 948 814 1024 bile,
847 967 1036 1027 quam
1077 968 1155 1011 ex
1195 950 1449 1011 infinita
1488 950 1896 1011 multitudine
1940 950 2261 1011 hominum
2306 950 2556 1011 existere

670 1065 882 1123 unum,
909 1048 1017 1125 qui
1047 1047 1132 1123 id,
1156 1048 1324 1126 quod
1353 1048 1641 1119 omnibus
1665 1052 1893 1109 natura
1912 1048 1997 1109 sit
2018 1049 2253 1123 datum,
2279 1047 2557 1108 Velsolus

670 1144 771 1203 vel
801 1164 941 1205 cum
986 1146 1199 1223 paucis
1244 1146 1451 1205 facere
1493 1144 1695 1223 possit
1717 1147 1748 1203 ⁴?
1792 1150 1902 1205 aut
1937 1151 2067 1205 tam
2111 1145 2441 1205 iucundum
2473 1164 2561 1205 co-

670 1242 850 1317 gnitu
887 1248 1075 1321 atque
1102 1242 1342 1317 auditu,
1373 1261 1561 1321 quam
1602 1241 1990 1320 sapientibus
2020 1242 2351 1302 sententiis
2378 1243 2563 1319 gravi-

667 1339 906 1416 busque
934 1338 1143 1399 verbis
1173 1345 1395 1399 ornata
1424 1338 1623 1399 oratio
1652 1344 1718 1398 et
1746 1337 1946 1416 polita
1966 1341 1997 1397 ?
2041 1345 2150 1399 aut
2184 1344 2314 1399 tam
2355 1344 2564 1416 potens

669 1441 920 1514 tamque
964 1436 1380 1512 magnificum,
1421 1456 1609 1516 quam
1655 1436 1872 1515 populi
1913 1441 2139 1512 motuS,
2184 1436 2455 1496 iudicum
2481 1456 2567 1496 re-

667 1533 950 1609 ligioneS,
983 1540 1235 1594 senatus
1281 1533 1653 1610 gravitatem
1698 1533 1885 1594 unius
1920 1534 2199 1593 oratione
2234 1533 2509 1594 converti
2532 1537 2563 1594 ?

669 1631 834 1700 Quid
875 1637 1006 1691 tam
1045 1650 1228 1709 porro
1264 1632 1521 1708 regium,
1554 1637 1684 1691 tam
1723 1631 1997 1705 liberale,
2028 1636 2158 1691 tam
2190 1629 2566 1706 munificum,

669 1747 856 1805 quam
899 1746 1079 1807 opem
1121 1729 1286 1787 ferre
1331 1729 1738 1807 supplicibuS,
1770 1728 2046 1789 excitare
2088 1728 2391 1803 adflictos,
2428 1728 2571 1787 dare

669 1826 955 1900 salutem,
1001 1825 1266 1885 liberare
1315 1825 1628 1903 periculiS‚
1676 1827 1944 1886 retinere
1986 1826 2269 1886 homines
2320 1825 2389 1884 in
2429 1825 2574 1884 civi-

671 1927 800 1981 tate
819 1924 850 1980 ?
949 1923 1112 1993 Quid
1167 1929 1379 1983 autem
1438 1928 1568 1982 tam
1623 1923 2058 1998 necessarium,
2117 1942 2306 2002 quam
2361 1928 2574 1983 tenere

671 2038 913 2098 semper
961 2039 1147 2095 arma,
1193 2021 1421 2099 quibus
1468 2021 1567 2082 vel
1615 2027 1821 2082 tectus
1863 2020 1998 2100 ipse
2048 2040 2181 2082 esse
2226 2020 2430 2099 possis
2474 2020 2578 2081 vel

670 2136 1004 2195 provocare
1062 2119 1379 2197 improbos
1428 2119 1531 2178 vel
1586 2125 1649 2178 te
1696 2119 1916 2180 ulcisci
1970 2118 2299 2180 lacessitus
2321 2121 2353 2179 ?
2438 2118 2578 2194 Age

667 2233 832 2291 ver0,
885 2235 960 2276 ne
1007 2235 1251 2294 semper
1300 2217 1527 2291 forum,
1580 2217 1894 2291 subsellia,
1954 2222 2160 2276 rostra
2213 2215 2580 2294 curiamque

666 2313 985 2388 meditere,
1031 2314 1184 2391 quid
1227 2332 1363 2373 esse
1406 2318 1618 2391 potest
1659 2314 1727 2372 in
1767 2314 1895 2396 otio
1936 2320 2047 2374 aut
2088 2313 2423 2373 iucundius
2468 2318 2585 2373 aut

665 2411 862 2488 magis
905 2412 1229 2490 proprium
1272 2410 1704 2485 humanitatiS,
1741 2430 1928 2489 quam
1972 2429 2174 2470 sermo
2216 2411 2467 2472 facetus
2512 2429 2589 2472 ac

664 2509 838 2568 nulla
886 2509 954 2568 in
1008 2527 1074 2567 re
1124 2507 1297 2568 rudis
1320 2510 1352 2567 ?
1438 2506 1579 2567 Hoc
1636 2508 1802 2567 enim
1850 2527 1975 2569 uno
2031 2513 2424 2586 praestamus
2477 2509 2592 2569 vel

665 2606 935 2666 maxime
985 2607 1155 2681 feris,
1209 2606 1376 2684 quod
1432 2605 1849 2682 colloquimur
1896 2605 2062 2665 inter
2118 2625 2231 2666 nos
2285 2611 2350 2665 et
2406 2607 2599 2683 quod

665 2703 1016 2779 exprimere
1045 2703 1306 2763 dicendo
1336 2721 1521 2763 sensa
1554 2720 1901 2781 possumus,
1989 2702 2401 2772 Quamobrem
2438 2704 2601 2781 quis

667 2801 784 2859 hoc
825 2819 951 2858 non
991 2799 1124 2859 iure
1169 2801 1430 2861 miretur
1479 2818 1843 2878 summeque
1891 2799 1960 2859 in
2007 2818 2077 2858 eo
2126 2800 2601 2860 elaborandum

666 2915 800 2957 esse
845 2896 1196 2971 arbitretur,
1239 2903 1330 2972 ut,
1377 2917 1501 2975 quo
1542 2917 1667 2957 uno
1710 2898 1992 2956 homines
2036 2896 2305 2957 maxime
2347 2897 2601 2958 bestiis

666 2999 1004 3072 praestent,
1030 2993 1098 3052 in
1126 2994 1240 3054 hoc
1263 2994 1622 3056 hominibus
1651 2994 1809 3073 ipsis
1830 2995 2167 3054 antecellat
2190 2996 2221 3054 ?
2308 2995 2406 3054 Ut
2432 3015 2607 3056 vero

666 3091 792 3151 iam
823 3091 902 3149 ad
929 3090 1042 3149 illa
1072 3110 1311 3150 summa
1341 3092 1682 3167 veniamus,
1715 3110 1875 3169 quae
1916 3091 2015 3151 vis
2058 3091 2183 3151 alia
2216 3091 2439 3170 potuit
2482 3100 2612 3153 aut

666 3189 981 3265 dispersos
1026 3186 1308 3248 homines
1350 3207 1543 3247 unum
1594 3189 1659 3246 in
1708 3189 1914 3248 locum
1956 3207 2335 3266 congregare
2382 3195 2519 3250 aut
2570 3210 2613 3250 a

665 3287 802 3345 fera
843 3285 1199 3361 agrestique
1242 3285 1376 3344 vita
1419 3285 1499 3343 ad
1552 3285 1715 3345 huno
1759 3286 2102 3346 humanum
2144 3286 2387 3346 cultum
2443 3287 2617 3348 civi-

664 3385 911 3460 lemque
940 3383 1241 3442 deducere
1271 3387 1384 3441 aut
1430 3381 1555 3440 iam
1590 3383 1949 3444 constitutis
1983 3382 2355 3452 civitatibus
2386 3385 2615 3464 legeS,

669 3480 916 3556 iudicia,
943 3481 1082 3539 iura
1103 3479 1452 3539 describere
1471 3481 1502 3538 ⁴?
1580 3479 1675 3539 Ac
1696 3499 1773 3538 ne
1797 3481 1995 3558 plura,
2022 3499 2182 3558 quae
2204 3488 2357 3542 sunt
2380 3503 2621 3562 paene

666 3575 1162 3650 innumerabilia,
1178 3581 1508 3651 consecter,
1525 3577 2041 3654 comprehendam
2057 3577 2264 3637 brevi:
2300 3579 2398 3640 sic
2422 3580 2625 3640 enim
