2816 4097
343 354 452 400 Lm,
476 353 514 399 1.
539 353 669 400 cn.
695 348 789 411 11.]
1110 348 1202 398 nn
1242 348 1569 397 onAroRn.

343 521 615 581 omnium
647 521 713 579 in
743 520 1006 580 dicendo
1038 520 1414 596 gravissimo
1442 526 1505 579 et
1546 518 2083 596 eloquentissimo,
2113 518 2253 577 Pla-

343 619 491 693 toni,
539 618 715 678 cuius
763 624 900 677 tum
950 616 1220 675 Athenis
1273 635 1415 676 cum
1466 615 1819 677 Charmada
1873 615 2244 693 diligentius

343 716 466 791 legi
496 715 828 790 Gorgia1n3
877 733 1000 792 quo
1030 714 1097 772 in
1127 713 1286 772 libro
1311 714 1376 772 in
1418 713 1536 773 hoc
1579 713 1851 773 maxime
1893 713 2247 773 admirabar

343 812 687 886 Platonem,
732 812 897 889 quod
941 810 1100 869 mihi
1147 810 1279 889 [in]
1327 811 1679 870 oratoribus
1721 810 2057 871 irridendis
2108 811 2243 887 ipse

345 928 477 969 esse
501 915 712 968 orator
734 926 1014 967 summus
1044 907 1390 967 videbatur.
1477 908 1670 967 Verbi
1700 907 1866 967 enim
1896 914 2245 967 controver-

347 1006 439 1065 sia
480 1006 607 1064 iam
651 1006 759 1064 diu
802 1010 1056 1081 torquet
1101 1004 1438 1065 Graeculos
1487 1004 1769 1063 homines
1826 1004 2243 1064 contentionis

347 1102 696 1180 cupidiores
726 1120 914 1180 quam
944 1101 1249 1160 veritatis,
1335 1102 1502 1160 Nam
1533 1102 1587 1161 si
1626 1102 1769 1179 quis
1811 1097 1975 1160 hunc
2021 1102 2245 1161 statuit

345 1218 481 1259 esse
510 1206 836 1273 oratorem,
869 1198 978 1276 qui
1008 1198 1443 1257 tantummodo
1473 1198 1539 1256 in
1569 1198 1703 1257 iure
1733 1204 1843 1257 aut
1886 1199 1951 1256 in
1996 1198 2243 1258 iudiciis

344 1297 544 1375 possit
573 1301 683 1356 aut
712 1296 878 1374 apud
907 1295 1213 1373 populum
1243 1301 1353 1355 aut
1383 1296 1451 1353 in
1494 1301 1714 1355 senatu
1758 1296 2005 1373 copiose
2048 1295 2241 1373 loqui,

341 1402 554 1455 tamen
584 1394 730 1453 huic
760 1393 880 1471 ipsi
911 1392 1112 1451 multa
1143 1392 1380 1451 tribuat
1413 1398 1477 1452 et
1505 1393 1806 1452 concedat
1834 1385 2086 1453 necesse
2128 1399 2239 1451 est.

341 1492 561 1569 Neque
592 1490 758 1549 enim
789 1490 924 1549 sine
955 1489 1155 1549 multa
1182 1490 1671 1568 pertractatione
1715 1490 1993 1549 omnium
2036 1508 2242 1549 rerum

342 1588 732 1665 publicarum
774 1606 972 1664 neque
1017 1587 1150 1645 sine
1202 1587 1426 1663 legum,
1474 1606 1735 1662 morum,
1780 1587 1935 1647 iuris
1982 1587 2245 1647 scientia

343 1703 544 1762 neque
595 1690 821 1744 natura
870 1684 1190 1743 hominum
1235 1685 1558 1761 incognita
1598 1704 1669 1745 ac
1712 1685 1987 1745 moribus
2030 1685 2095 1743 in
2141 1685 2242 1745 his

342 1782 496 1859 ipsis
530 1782 710 1840 rebus
743 1782 898 1841 satis
927 1781 1153 1841 callide
1181 1782 1420 1843 versari
1460 1787 1526 1842 et
1569 1783 1768 1860 perite
1812 1788 2035 1860 potest.
2122 1782 2242 1852 Qui

340 1884 546 1939 autem
597 1879 748 1938 haec
797 1880 1174 1956 cognoverit,
1224 1880 1360 1939 sine
1410 1880 1638 1958 quibus
1691 1899 1769 1939 ne
1817 1880 1932 1939 illa
1988 1880 2242 1957 quidem

338 1976 706 2062 minima-in
747 1978 949 2037 causis
1001 1978 1332 2056 quisquam
1387 1984 1552 2037 recte
1594 1978 1761 2037 tueri
1814 1982 2042 2056 potest,
2088 1977 2242 2055 quid

335 2073 483 2134 huic
533 2076 745 2134 abesse
793 2076 1024 2152 poterit
1074 2076 1150 2134 de
1195 2076 1611 2135 maximarum
1658 2094 1864 2134 rerum
1924 2075 2187 2134 scientia
2208 2077 2238 2132 ?

340 2171 453 2229 Sin
507 2172 773 2230 oratoris
831 2172 990 2229 nihil
1053 2172 1148 2230 vis
1208 2191 1341 2231 esse
1400 2172 1524 2230 nisi
1581 2171 1942 2248 composite,
2002 2177 2239 2243 ornate,

339 2267 588 2342 copiose
616 2267 807 2343 loqui,
839 2286 1087 2343 quaer-0,
1120 2268 1184 2325 id
1213 2267 1421 2344 ipsum
1450 2267 1560 2345 qui
1589 2267 1790 2343 possit
1818 2267 2080 2344 adsequi
2109 2266 2243 2325 sine

339 2374 416 2414 ea
457 2355 739 2430 scientia,
777 2375 962 2432 quam
1006 2357 1064 2414 ei
1113 2375 1236 2415 non
1286 2356 1626 2415 conceditis
1649 2358 1680 2414 ?
1766 2356 2033 2416 Dicendi
2076 2356 2239 2415 enim

339 2453 562 2528 virtus,
595 2453 719 2512 nisi
761 2453 835 2526 ei,
869 2452 978 2530 qui
1008 2453 1194 2527 dicet,
1227 2471 1300 2512 ea
1341 2454 1419 2512 de
1450 2439 1687 2530 quibus
1723 2452 1907 2526 dicet,
1951 2458 2245 2532 percepta

337 2556 506 2625 sunt,
559 2555 806 2610 exstare
857 2568 982 2609 non
1038 2554 1262 2627 potest.
1351 2549 1551 2619 Quam
1608 2551 1687 2609 ob
1739 2569 1886 2624 rem,
1920 2551 1976 2610 si
2024 2556 2239 2610 ornate

335 2648 584 2708 locutus
627 2653 741 2723 est,
775 2647 938 2708 sicut
980 2652 1045 2706 et
1086 2647 1294 2707 fertur
1336 2652 1399 2706 et
1444 2647 1599 2706 mihi
1642 2647 1909 2734 ridetur,
1941 2649 2239 2727 physicus

336 2745 448 2804 ille
503 2745 917 2821 Democritus,
967 2745 1261 2805 materies
1320 2745 1433 2804 illa
1488 2745 1615 2804 fuit
1669 2745 1932 2822 physici,
1984 2746 2060 2806 de
2117 2765 2241 2824 qua

333 2842 518 2922 dixit,
565 2849 824 2902 ornatus
867 2861 1017 2902 vero
1061 2842 1195 2919 ipse
1241 2843 1572 2901 verborum
1616 2843 1881 2903 oratoris
1924 2844 2239 2922 putandus

333 2944 450 2998 est.
535 2940 640 3014 Et,
671 2939 726 2998 si
764 2939 951 2998 Plato
989 2939 1066 2998 de
1112 2939 1296 2998 rebus
1338 2939 1417 2999 ab
1459 2939 1749 3000 civilibus
1794 2942 2234 3002 controversiis

332 3035 779 3096 remotissimis
808 3035 1116 3095 divinitus
1147 3041 1244 3095 est
1276 3035 1537 3110 locutus,
1572 3038 1738 3115 quod
1776 3057 1888 3114 ego
1933 3039 2237 3116 concedo;

333 3131 391 3192 si
435 3132 584 3192 item
631 3131 1027 3206 AristoteleS,
1061 3132 1114 3191 si
1158 3132 1651 3210 TheophrastuS,
1696 3135 1751 3192 si
1792 3135 2144 3195 Carneades
2173 3137 2240 3195 in

333 3230 520 3288 rebus
565 3229 674 3304 eiS,
719 3230 795 3288 de
839 3229 1068 3306 quibus
1111 3229 1613 3307 disputaverunt,
1659 3231 2021 3309 eloquentes
2068 3238 2134 3291 et
2173 3233 2241 3290 in

334 3325 603 3384 dicendo
634 3344 856 3386 suaves
902 3333 1090 3403 atque
1133 3327 1338 3387 ornati
1381 3327 1657 3404 fuerunt,
1690 3328 1821 3388 sint
1863 3348 1972 3388 eae
2015 3347 2131 3402 reS,
2164 3329 2239 3388 de

333 3423 568 3501 quibus
625 3423 966 3501 disputant,
1013 3423 1078 3482 in
1135 3423 1278 3484 aliis
1323 3424 1698 3502 quibusdam
1750 3425 1995 3499 studiis,
2043 3425 2241 3483 oratio

331 3519 594 3597 quidem
621 3520 760 3597 ipsa
787 3521 1038 3598 propria
1082 3525 1192 3591 est¹
1219 3520 1406 3580 huius
1452 3520 1641 3580 unius
1684 3519 1968 3594 rationis,
2000 3519 2087 3580 de·
2119 3537 2244 3594 qua

2266 331 2350 397 15

2282 2564 2342 2610 49
