2816 4097
233 388 343 435 Lm.
359 389 404 434 1.
427 387 557 435 cu.
579 390 654 445 44,
676 386 773 447 45·]
1000 390 1092 435 DE
1113 372 1459 440 ‘ommam

235 556 548 616 hominum
592 562 949 617 nostrorum
992 557 1388 635 prudentiam
1434 556 1657 617 ceteris
1702 557 1987 619 omnibus
2034 562 2099 619 et

234 654 497 715 maxime
555 654 812 715 Graecis
872 659 1203 731 antepono,
1308 655 1432 715 His
1476 673 1589 729 ego
1638 655 1715 713 de
1766 655 1967 715 causis
2015 654 2104 714 di-

233 770 458 825 xeram,
484 751 804 827 Scaevola,
835 751 942 826 eis,
968 752 1078 829 qui
1102 752 1369 829 perfecti
1398 757 1675 812 oratores
1688 771 1827 835 ,esse
1846 753 2101 827 vellent,

233 849 382 907 iuris
413 847 619 908 civilis
650 848 1074 923 cognitionem
1105 841 1241 909 esse
1271 849 1707 909 necessariam.

307 944 400 1006 45.
447 946 585 1004 Iam
628 963 776 1004 vero
821 946 959 1022 ipsa
1006 965 1120 1023 per
1161 964 1296 1006 sese
1347 952 1654 1023 quantum
1702 948 1950 1007 adferat
1991 948 2099 1022 eis,

233 1043 337 1120 qui
397 1042 456 1101 ei
519 1048 836 1119 praesunt,
901 1042 1174 1118 honoriS,
1239 1044 1498 1119 gratiae,
1558 1043 1905 1120 dignitatis,
1958 1045 2099 1122 quis

233 1140 526 1217 ignorat?
613 1142 857 1218 Itaque,
901 1148 973 1199 ut
1015 1141 1183 1217 apud
1229 1142 1503 1201 Graecos
1560 1141 1759 1199 infimi
1816 1141 2100 1202 homines

207 1236 584 1312 ‚mercedula
624 1237 878 1297 adducti
922 1236 1242 1297 ministros
1289 1257 1354 1297 se
1399 1238 1702 1315 praebent
1746 1238 1816 1297 in
1849 1236 2117 1299 iudiciis

234 1335 595 1410 oratoribus,
628 1335 703 1409 ei,
735 1335 846 1413 qui
880 1336 1046 1413 apud
1081 1334 1226 1394 illos
1255 1338 1635 1414 πραγματικοί
1657 1340 1979 1410 vocantur,
2012 1336 2102 1395 sic

234 1432 297 1491 in
355 1439 572 1493 nostra
633 1432 890 1491 civitate
952 1437 1170 1491 contra
1232 1431 1657 1508 amplissimus
1720 1432 1987 1510 quisque
2038 1438 2101 1492 et

235 1529 615 1589 clarissimus
644 1529 759 1602 vir,
791 1534 865 1587 ut
907 1528 1034 1603 ille,
1066 1528 1176 1605 qui
1218 1534 1478 1605 propter
1523 1524 1683 1588 han'c
1711 1528 1867 1589 iuris
1896 1528 2103 1589 civilis

237 1626 558 1687 scientiam
587 1626 675 1685 sic
705 1625 1060 1703 appellatus
1089 1644 1126 1685 a
1155 1644 1396 1685 summo
1427 1630 1612 1702 poeta
1638 1632 1767 1686 est:

483 1733 720 1803 Eyreyie
758 1734 1003 1785 cordatus
1039 1734 1200 1796 homo,
1241 1743 1386 1785 catus
1424 1733 1614 1786 Aelius
1642 1734 1844 1798 Sextus,

242 1831 536 1909 multique
603 1836 940 1907 praeterea,
996 1830 1123 1906 qui,
1177 1848 1317 1889 cum
1375 1830 1627 1905 ingenio
1680 1832 1800 1891 sibi
1851 1838 2101 1893 auctore

239 1927 600 2004 dignitatem
666 1927 1074 2005 peperissent,
1128 1928 1546 2003 perfecerunt,
1597 1934 1671 1988 ut
1732 1930 1798 1988 in
1856 1949 2102 2007 respon-

239 2024 430 2086 dendo
472 2026 613 2087 iure
641 2024 1012 2085 auctoritate
1056 2025 1194 2102 plus
1225 2025 1436 2100 etiam,
1468 2044 1653 2102 quam
1683 2026 1822 2104 ipso
1852 2027 2102 2105 ingenio

236 2121 526 2184 valerent.
618 2122 938 2182 Senectuti
989 2141 1138 2181 vero
1201 2122 1608 2182 celebrandae
1669 2130 1733 2182 et
1790 2125 2103 2185 ornandae

237 2222 395 2296 quod
451 2220 780 2280 honestius
826 2224 1042 2296 ‚potest
1090 2237 1227 2279 esse
1271 2219 1650 2297 perfugium,
1678 2240 1890 2297 vquam
1948 2222 2103 2282 iuris

237 2315 718 2396 interpretatio?
805 2316 1117 2394 Equidem
1178 2316 1338 2375 mihi
1401 2316 1516 2375 hoc
1583 2302 1927 2377 subsidium
1979 2319 2102 2377 iam

237 2411 372 2473 inde
401 2416 480 2475 ab
515 2413 943 2474 adulescentia
986 2413 1358 2489 comparavi,
1390 2430 1516 2470 non
1560 2413 1762 2472 solum
1804 2416 1884 2473 ad
1926 2435 2133 2476 causa-

237 2529 365 2568 rum
396 2530 582 2572 usum
612 2511 942 2583 forensem,
978 2508 1088 2570 sed
1128 2509 1317 2568 etiam
1360 2509 1442 2568 ad
1484 2510 1669 2570 decus
1700 2516 1888 2587 atque
1932 2531 2105 2572 orna-

238 2614 511 2668 mentum
555 2607 916 2682 senectutis,
947 2613 1035 2681 ut,
1069 2625 1206 2665 cum
1249 2625 1346 2666 me
1376 2607 1561 2681 vires,
1595 2609 1762 2684 quod
1805 2609 1937 2668 fere
1979 2609 2103 2668 iam

237 2710 479 2782 tempus
545 2705 859 2778 adventat,
914 2703 1176 2764 deficere
1241 2703 1611 2781 coepissent,
1664 2705 1790 2764 ista
1838 2707 1917 2765 ab
1966 2707 2106 2766 soli-

237 2800 451 2860 tudine
497 2803 746 2860 domum
795 2820 996 2860 meam
1047 2800 1446 2860 vindicarem.
1552 2801 1716 2871 Quid
1780 2809 1875 2862 est
1936 2804 2103 2863 enim

238 2898 630 2972 praeclariuS,
665 2917 850 2976 quam
893 2897 1234 2958 honoribus
1275 2903 1339 2957 et
1381 2898 1474 2957 rei
1516 2898 1802 2976 publicae
1841 2903 2105 2960 muneri-

238 2993 347 3054 bus
395 2995 798 3072 perfunctum
839 3013 1048 3054 senem
1097 3013 1279 3071 posse
1331 3014 1443 3055 suo
1493 2996 1627 3055 iure
1673 2996 1875 3056 dicere
1918 2998 2102 3073 idem,

240 3089 400 3166 quod
441 3091 607 3167 apud
635 3089 910 3148 Ennium
941 3090 1096 3149 dicit
1135 3091 1244 3150 ille
1283 3091 1557 3168 Pythius
1590 3093 1837 3169 Apollo,
1872 3112 1937 3153 se
1967 3113 2103 3155 esse

237 3203 391 3261 eum,
421 3191 581 3247 unde
623 3191 754 3262 sibi,
802 3188 856 3248 si
899 3207 1024 3246 non
1058 3191 1277 3264 populi
1317 3197 1372 3247 et
1412 3208 1591 3267 reyes,
1638 3195 1705 3249 at
1748 3208 1962 3250 omnes
2005 3191 2105 3251 sui

237 3273 400 3344 cives
429 3289 748 3347 consilium
777 3294 1069 3360 empetant,

515 3404 848 3458 Summa'rum
873 3424 1046 3458 rerum
1071 3405 1284 3459 ince'rti:
1323 3423 1448 3477 quos
1474 3425 1565 3477 eqo
1590 3404 1685 3476 o'pe
1710 3423 1825 3460 mea

512 3511 575 3546 ex
601 3491 810 3545 ince'rtis
835 3503 994 3546 certos
1020 3491 1366 3564 cdmpotesque
1391 3492 1577 3547 cdnsili

511 3577 728 3642 dimitw,
755 3587 809 3630 ut
834 3596 897 3632 ne
923 3597 1003 3635 res
1030 3579 1212 3634 te'mere
1237 3589 1455 3634 tractent
1477 3577 1726 3636 tdrbidas.
1816 3629 1821 3632 .

2150 372 2231 437 57

2150 960 2236 1006 198

2152 2139 2238 2183 199
