2816 4097
290 394 411 442 Lm.
435 394 475 440 1.
500 392 631 441 cu.
656 393 728 448 12,
753 387 847 450 13.]
1075 388 1166 436 nn
1206 388 1531 436 oRAToRn.
2221 370 2303 438 17

288 561 590 641 spexerit,
648 559 912 619 dicendo
968 557 1137 635 quod
1192 557 1363 616 volet
1417 555 1713 634 perficere
1768 576 1894 616 non
1951 557 2201 633 poterit.

289 661 505 737 Atque
536 662 710 718 totus
731 655 836 715 1110
857 656 1030 715 locus
1061 654 1571 732 philosophorum
1602 654 1891 732 proprius
1915 653 2201 730 videtui-3
2245 665 2308 712 54

290 775 495 834 neque
518 760 728 815 orator
748 772 848 813 me
868 757 1119 813 auctore
1142 771 1440 830 umquam
1461 732 1864 830 repugnabit:
1909 751 2037 826 sed,
2061 770 2205 811 cum

290 855 424 914 illis
454 852 875 928 cognitionem
906 869 1116 910 rerum
1144 850 1538 924 concesserit,
1568 850 1736 928 quod
1778 849 1846 907 in
1889 867 1966 908 ea
2001 849 2204 908 solum

290 951 392 1010 illi
440 949 755 1009 voluerint
809 947 1143 1021 elaborare,
1188 946 1626 1006 tractationem
1675 945 1992 1020 orationis,
2045 964 2204 1024 quae

295 1049 430 1108 sine
458 1047 571 1107 illa
598 1045 867 1106 scientia
892 1044 1070 1104 nulla
1096 1048 1209 1118 est,
1244 1043 1362 1104 sibi
1392 1044 1716 1119 adsumet3
1759 1043 1878 1103 hoc
1905 1042 2073 1103 enim
2109 1047 2206 1104 est

297 1145 616 1222 proprium
659 1142 942 1217 oratoriS,
976 1142 1143 1219 quod
1186 1159 1370 1218 saepe
1414 1141 1538 1200 iam
1579 1141 1731 1217 dixi,
1763 1141 1962 1201 oratio
1998 1140 2205 1217 gravis

297 1248 362 1302 et
412 1246 629 1303 ornata
672 1246 739 1301 et
782 1239 1104 1299 hominum
1154 1238 1442 1298 sensibus
1499 1257 1568 1298 ac
1614 1238 1926 1298 mentibus
1977 1256 2208 1298 accom-

294 1339 563 1400 modata.

378 1436 472 1498 13.
518 1435 757 1508 Quibus
796 1436 873 1495 de
918 1435 1102 1494 rebus
1142 1434 1555 1494 Aristotelem
1598 1439 1664 1493 et
1704 1433 2210 1512 Theophrastum
2253 1445 2312 1490 55

296 1534 626 1613 scripsisse
676 1534 896 1594 fateor.
986 1531 1110 1592 Sed
1156 1532 1300 1592 vide
1342 1549 1423 1591 ne
1465 1530 1599 1606 hoc,
1645 1529 1960 1606 Scaevola,
2005 1536 2210 1590 totum

299 1632 388 1692 sit
415 1651 455 1690 a
480 1649 597 1690 me.
681 1630 846 1689 Nam
891 1647 1021 1704 eg0,
1054 1648 1214 1707 quae
1256 1633 1405 1688 sunt
1449 1628 1682 1689 oratori
1715 1647 1856 1688 cum
1891 1627 2022 1689 illis
2056 1646 2214 1689 com-

302 1727 536 1802 munia,
579 1745 705 1786 non
744 1733 992 1788 mutuor
1034 1728 1115 1787 ab
1154 1726 1317 1787 illis:
1377 1725 1504 1801 isti,
1550 1744 1708 1804 quae
1758 1727 1835 1786 de
1877 1725 1978 1786 his
2027 1726 2210 1786 rebus

304 1823 651 1902 disputant,
694 1830 1009 1884 oratorum
1059 1843 1196 1884 esse
1246 1823 1612 1884 concedunt.
1697 1824 1923 1902 Itaque
1971 1829 2211 1884 ceteros

302 1922 497 1981 libros
533 1921 689 1982 artis
724 1940 872 1982 suae
914 1920 1181 1998 nomine,
1213 1921 1325 1981 hos
1368 1920 1711 1980 rhetoricos
1755 1926 1822 1980 et
1861 1920 2213 1981 inscribunt

300 2026 365 2081 et
409 2018 748 2099 appellant.
834 2019 1089 2080 Etenim
1130 2039 1271 2081 cum
1320 2018 1420 2078 illi
1461 2018 1528 2077 in
1572 2018 1834 2079 dicendo
1876 2017 2214 2079 inciderint
2257 2030 2315 2076 56

301 2118 441 2193 loci,
472 2118 642 2195 quod
669 2135 968 2195 persaepe
998 2118 1227 2193 evenit,
1260 2122 1331 2176 ut
1369 2118 1448 2177 de
1483 2116 1582 2177 dis
1624 2116 2102 2191 immortalibuS,
2132 2117 2210 2175 de

304 2214 558 2292 pietate,
582 2215 659 2275 de
688 2214 1030 2289 concordia,
1056 2215 1132 2274 de
1160 2214 1454 2288 amicitia,
1479 2215 1556 2274 de
1585 2213 1901 2273 communi
1931 2213 2213 2293 [civium,

308 2311 419 2391 de]
450 2312 775 2371 hominum
805 2311 914 2391 [de
944 2312 1257 2393 gentium]
1293 2313 1445 2386 iure,
1478 2312 1554 2371 de
1589 2310 1925 2388 aequitate,
1957 2310 2034 2369 de
2067 2315 2218 2370 tem-

308 2408 614 2486 perantia,
635 2408 711 2467 de
736 2408 1163 2485 magnitudine
1184 2410 1395 2484 animi,
1419 2409 1495 2468 de
1518 2407 1692 2469 omni
1713 2406 1970 2467 virtutis
1993 2425 2218 2482 genere

309 2504 395 2565 sit
423 2504 773 2579 dicendum,
802 2506 1175 2582 clamabunt,
1200 2508 1403 2581 credo,
1437 2504 1648 2565 omnia
1675 2503 2002 2583 gymnasia
2028 2509 2217 2582 atque

305 2620 521 2663 omnes
569 2602 1086 2681 philosophorum
1144 2603 1392 2664 scholae
1451 2622 1564 2665 sua
1616 2621 1753 2663 esse
1803 2601 1955 2662 haee
2011 2602 2220 2662 omnia

304 2699 576 2779 propria,
606 2698 766 2759 nihil
810 2700 1063 2760 omnino
1098 2702 1175 2761 ad
1210 2706 1524 2761 oratorem
1565 2699 1896 2779 pertinere.
1983 2699 2220 2770 Quibus
2262 2713 2319 2787 557

305 2815 437 2872 egO‚
466 2802 540 2856 ut
568 2797 645 2857 de
680 2796 781 2857 his
822 2797 1005 2856 rebus
1048 2797 1116 2855 in
1157 2798 1406 2873 angulis
1450 2797 1857 2858 consumendi
1900 2797 1992 2857 oti
2033 2816 2222 2858 causa

304 2893 638 2969 disserant,
671 2913 809 2954 cum
840 2906 1219 2970 concessero,
1250 2895 1413 2955 illud
1440 2900 1653 2956 tamen
1682 2895 1916 2956 oratori
1943 2895 2219 2955 tribuam

304 2995 370 3051 et
396 2991 576 3065 dabo,
608 2995 681 3050 ut
708 2992 945 3066 eadam,
976 2992 1053 3051 de
1082 2992 1309 3070 quibus
1340 2992 1438 3051 illi
1473 2992 1650 3052 tenui
1692 2992 1965 3070 quodam
2009 3012 2224 3053 exsan-

304 3087 537 3165 guique
582 3106 864 3150 sermone
906 3088 1249 3167 disputant,
1286 3089 1389 3151 hic
1433 3109 1573 3150 cum
1617 3090 1788 3149 omni
1829 3090 2222 3151 iucunditate

303 3190 369 3244 et
398 3184 708 3261 gravitate
739 3184 1027 3263 explicet.
1113 3188 1289 3247 Haec
1319 3206 1433 3265 ego
1463 3206 1604 3247 cum
1633 3186 1792 3265 ipsis
1826 3187 2222 3264 philosophis

307 3282 513 3362 [tum]
541 3281 816 3343 Athenis
846 3282 1243 3344 disserebam.
1330 3284 1608 3361 cogebat
1631 3284 1798 3343 enim
1819 3303 1918 3345 me
1950 3285 2036 3343 M.
2063 3285 2226 3343 Mar-

302 3378 504 3441 cellus
545 3378 649 3439 hic
691 3385 922 3455 noster,
954 3381 1064 3459 qui
1106 3399 1272 3441 nunc
1313 3380 1537 3443 aedilis
1570 3380 1807 3441 curulis
1847 3386 1964 3455 est,
1995 3384 2060 3440 et
2089 3398 2225 3457 pro-

302 3477 496 3551 fecto,
547 3476 674 3535 nisi
728 3476 909 3538 ludos
966 3496 1131 3539 nunc
1186 3478 1440 3553 faceret,
1491 3477 1638 3536 huic
1687 3481 1902 3537 nostro
1951 3476 2227 3537 sermoni

302 3568 675 3647 interesset3
719 3590 789 3632 ac
818 3572 942 3634 iam
971 3579 1109 3634 tum
1138 3581 1273 3635 erat
1302 3572 1806 3635 adolescentulus
1852 3571 1952 3631 his
1995 3569 2224 3629 studiis
