2816 4097
227 392 343 439 Lm.
366 393 406 440 1.
430 391 563 439 cn.
584 392 657 447 59,
675 388 769 451 sa]
1004 392 1094 438 DE
1134 391 1464 443 ossA'ronn.
2152 377 2234 443 77

228 558 589 620 acutissimo
621 578 772 619 sono
799 576 1000 636 usque
1038 558 1119 618 ad
1160 558 1605 635 gravissimum
1636 578 1855 620 sonum
1887 560 2101 640 recipi-

225 662 342 717 unt
390 663 457 717 et
504 657 687 734 quasi
734 656 1007 734 quodam
1056 656 1240 715 modo
1290 656 1612 731 colligunt.
1700 659 1839 719 Hoc
1881 678 1995 719 nos
2046 660 2099 719 si

227 756 431 814 facere
461 754 747 829 velimuS,
776 759 923 813 ante
953 754 1447 814 condemnemur
1478 754 1553 829 ei,
1587 773 1853 832 quorum
1881 774 2099 817 causas

228 851 664 929 receperimus,
724 869 912 928 quam
969 851 1223 926 totienS,
1284 852 1575 929 quotiens
1635 853 2097 929 praescribitur,

228 967 527 1026 paeanem
555 953 664 1007 aut
692 948 996 1025 hymnum
1026 948 1436 1008 recitarimuS.
1510 949 1690 1019 Quod
1717 949 1772 1008 si
1802 950 1867 1008 in
1897 956 2094 1026 gestu,
2148 965 2236 1011 252

228 1044 336 1124 qui
375 1046 648 1105 multum
689 1050 1000 1104 oratorem
1043 1045 1318 1119 adiuvat,
1359 1050 1423 1105 et
1466 1045 1532 1104 in
1575 1064 1742 1120 voce,
1775 1066 1934 1124 quae
1976 1068 2104 1107 una

188 1142 496 1202 ·maxime
556 1142 978 1221 eloquentiam
1038 1143 1139 1201 vel
1197 1143 1591 1202 commendat
1647 1143 1749 1202 vel
1809 1144 2095 1219 sustinet,

226 1240 544 1299 elaborare
586 1239 765 1299 nobis
796 1258 921 1298 non
948 1239 1099 1299 licet
1126 1258 1198 1298 ac
1225 1244 1475 1298 tantum
1517 1239 1586 1297 in
1624 1245 1893 1318 utroque
1934 1243 2102 1301 adse-

227 1336 336 1414 qui
375 1355 728 1414 possumUS,
760 1342 1065 1413 quantum
1096 1337 1163 1394 in
1189 1336 1305 1395 hac
1334 1336 1466 1395 acie
1493 1336 1794 1397 cotidiani
1825 1340 2100 1399 muneris

226 1434 392 1511 spati
434 1434 616 1493 nobis
644 1434 861 1493 datur:
908 1438 1142 1512 quanto
1186 1433 1391 1492 minus
1437 1439 1533 1493 est
1573 1434 1653 1493 ad
1695 1434 1848 1493 iuris
1893 1436 2100 1497 civilis

226 1530 625 1608 perdiscendi
683 1530 1153 1608 occupationem
1213 1531 1714 1590 descendendum
1736 1533 1767 1590 ?
1827 1535 1994 1610 quod
2035 1539 2100 1592 et

225 1627 589 1687 summatim
619 1628 855 1705 percipi
896 1627 1030 1688 sine
1059 1627 1343 1687 doctrina
1371 1634 1598 1706 potest,
1631 1634 1694 1687 et
1722 1629 1881 1689 hanc
1911 1631 2100 1690 habet

224 1726 304 1785 ab
343 1724 476 1785 illis
519 1725 704 1784 rebus
761 1723 1360 1799 dissimilitudinem,
1405 1726 1573 1803 quod
1615 1745 1738 1785 vox
1781 1732 1845 1786 et
1887 1733 2100 1803 gestus

223 1822 435 1882 subito
464 1822 629 1881 sumi
658 1827 722 1881 et
750 1822 1003 1883 aliunde
1032 1821 1236 1899 adripi
1266 1841 1391 1881 non
1422 1829 1643 1899 potest,
1669 1824 1825 1883 iuris
1855 1825 2098 1885 utilitas

221 1920 302 1979 ad
333 1938 646 1996 quamque
675 1938 926 1979 causam
957 1919 1245 1996 quamvis
1275 1925 1529 1997 repente
1561 1920 1660 1979 vel
1690 1940 1726 1979 a
1755 1922 1974 1998 peritis
1998 1923 2098 1981 vel

220 2016 301 2076 de
356 2016 539 2078 libris
598 2016 881 2094 depromi
938 2021 1163 2094 potest.
1252 2016 1478 2094 Itaque
1537 2017 1634 2076 illi
1691 2018 2094 2080 disertissimi
2148 2033 2234 2079 253

220 2115 512 2174 homines
540 2115 864 2176 ministros
895 2114 1126 2174 habent
1154 2114 1223 2172 in
1250 2115 1457 2174 causis
1488 2115 1640 2174 iuris
1673 2117 1924 2192 peritos,
1957 2137 2098 2176 cum

220 2212 350 2288 ipsi
394 2212 525 2271 sint
564 2211 1048 2289 imperitissimi,
1093 2215 1151 2269 ei
1192 2211 1319 2287 qui,
1350 2217 1422 2270 ut
1465 2212 1574 2270 abs
1616 2217 1680 2270 te
1724 2214 1910 2289 paulo
1953 2221 2096 2273 ante

218 2309 465 2367 dictum
510 2313 625 2383 est,
676 2307 1149 2386 pragmatici
1204 2314 1524 2367 vocantur.
1612 2309 1692 2367 In
1733 2329 1855 2386 quo
1897 2312 2100 2369 nostri

217 2405 480 2464 omnino
522 2404 745 2465 melius
786 2405 1002 2479 mult0,
1035 2405 1202 2482 quod
1244 2404 1732 2464 clarissimorum
1775 2407 2096 2466 hominum

215 2502 599 2562 auctoritate
640 2503 812 2578 leges
854 2508 917 2561 et
958 2501 1097 2560 iura
1143 2506 1313 2560 tecta
1355 2519 1494 2561 esse
1535 2502 1885 2562 voluerunt.
1975 2505 2099 2564 Sed

212 2606 435 2659 tamen
499 2619 625 2658 non
680 2599 951 2676 fugisset
1020 2599 1137 2658 hoc
1196 2600 1467 2658 Graecos
1539 2598 1840 2675 homines,
1897 2601 1951 2660 si
2008 2602 2102 2661 ita

213 2716 478 2758 necesse
509 2715 645 2756 esse
674 2696 960 2757 arbitrati
1007 2702 1232 2771 essent,
1266 2699 1576 2756 oratorem
1614 2697 1820 2774 ipsum
1850 2699 2096 2758 erudire

212 2795 287 2852 in
318 2794 455 2853 iure
485 2793 676 2868 civili,
708 2813 833 2853 non
863 2793 923 2852 ei
950 2794 1403 2872 pragmaticum
1433 2794 1781 2854 adiutorem
1810 2796 1974 2856 dare.

302 2890 404 2952 60.
450 2892 615 2951 Nam
647 2892 815 2968 quod
858 2891 1015 2951 dicis
1050 2897 1434 2951 senectutem
1464 2911 1502 2951 a
1532 2892 1871 2952 solitudine
1901 2894 2098 2954 vindi·
2149 2910 2234 2954 254

212 2989 353 3048 cari
410 2989 566 3048 iuris
624 2988 831 3048 civilis
889 2988 1168 3063 scientia,
1227 2989 1496 3050 fortasse
1551 2991 1744 3049 etiam
1800 2993 2098 3068 pecuniae

212 3086 675 3162 magnitudine.
765 3086 886 3146 Sed
927 3105 1038 3144 nos
1081 3105 1208 3144 non
1249 3087 1403 3163 quid
1445 3088 1622 3147 nobis
1666 3088 1840 3163 utile,
1881 3107 2099 3149 verum

211 3184 377 3261 quid
406 3183 641 3244 oratori
671 3182 1091 3243 necessarium
1122 3182 1207 3241 sit
1235 3183 1608 3260 quaerimus.
1689 3187 2097 3264 Quamquam,

212 3282 522 3358 quoniam
593 3280 793 3340 multa
847 3279 927 3339 ad
982 3279 1247 3339 oratoris
1303 3280 1786 3341 similitudinem
1842 3285 1920 3343 ab
1974 3305 2099 3345 uno

210 3377 467 3438 artifice
512 3377 835 3451 sumimuS,
878 3377 1039 3436 solet
1081 3376 1247 3436 idem
1288 3378 1555 3439 Roscius
1599 3380 1803 3440 dicere
1847 3400 1929 3454 se,
1975 3401 2099 3458 quo

209 3475 367 3552 plus
432 3474 556 3534 sibi
623 3474 850 3533 aetatis
920 3475 1255 3549 accederet,
1316 3493 1386 3534 eo
1443 3477 1748 3536 tardiores
1820 3477 2099 3538 tibicinis

208 3573 443 3634 modos
479 3576 545 3630 et
586 3576 808 3631 cantus
836 3570 1224 3632 remissiores
1267 3590 1403 3631 esse
1446 3572 1777 3632 facturum.
1863 3574 2099 3643 Quodsi
