2816 4097
621 329 705 395 16
1279 347 1351 395 M.
1388 348 1587 397 ‘rum
1626 349 1973 397 clomoms
2088 350 2221 411 [Lm.
2241 350 2282 396 1.
2305 349 2436 397 cu.
2460 351 2531 407 11,
2552 351 2614 396 12.

621 527 680 571 50
720 514 1041 591 loquimur
1067 522 1132 575 et
1161 517 1537 593 quaerimus.
1623 519 1709 577 Et
1738 518 1907 577 enim
1937 517 2224 578 videmus
2266 518 2505 579 eisdem
2544 518 2615 575 de

726 612 909 671 rebus
954 612 1162 673 ieiune
1204 615 1504 691 quosdam
1550 620 1615 674 et
1657 615 1925 689 exiliter,
1962 622 2035 675 ut
2077 634 2237 689 eum,
2262 634 2450 693 quem
2493 633 2616 674 acu-

724 709 1042 769 tissimum
1086 711 1318 785 ferunt,
1361 712 1804 790 Chrysippum,
1836 713 2261 789 disputavisse
2303 730 2506 789 neque
2546 712 2617 770 ob

726 824 862 865 eam
921 826 1051 865 rem
1106 807 1543 885 philosophiae
1591 828 1719 867 non
1775 810 1928 869 satis
1986 810 2230 885 fecisse,
2280 810 2449 888 quod
2504 827 2620 886 non

728 903 1019 963 habuerit
1046 904 1205 964 hanc
1236 905 1483 965 dicendi
1513 925 1590 963 ex
1621 912 1755 965 arte
1784 906 1992 965 aliena
2019 906 2404 966 facultatem.

807 1000 900 1060 12.
947 1001 1112 1071 Quid
1154 1021 1299 1078 ergo
1343 1002 1662 1062 interest?
1722 1010 1832 1062 aut
1874 1004 1986 1081 qui
2033 1004 2347 1064 discernes
2396 1022 2618 1076 eorum,

724 1116 881 1175 quos
930 1099 1268 1173 nominavi,
1317 1100 1381 1157 in
1433 1100 1696 1159 dicendo
1743 1101 2095 1161 ubertatem
2152 1107 2218 1160 et
2265 1101 2510 1178 copiam
2550 1101 2624 1159 ab

723 1215 938 1254 eorum
967 1196 1272 1270 exilitate,
1306 1197 1418 1273 qui
1446 1197 1560 1256 hac
1589 1198 1838 1256 dicendi
1871 1199 2175 1258 varietate
2218 1204 2283 1258 et
2321 1198 2627 1275 elegantia

724 1312 848 1351 non
875 1300 1141 1353 utuntur
1162 1296 1194 1352 ⁶?
1280 1294 1495 1353 Unum
1534 1295 1657 1353 erit
1698 1295 1997 1371 profectO,
2029 1296 2197 1373 quod
2230 1296 2306 1369 ei,
2338 1295 2449 1373 qui
2478 1296 2625 1362 bene

723 1391 958 1465 dicunt,
1004 1391 1300 1450 adferunt
1343 1392 1685 1468 proprium,
1730 1392 2137 1470 compositam
2180 1392 2527 1453 orationem
2566 1398 2631 1450 et

724 1493 1009 1547 ornatam
1039 1495 1104 1547 et
1131 1487 1397 1547 artificio
1428 1489 1697 1565 quodam
1725 1495 1789 1549 et
1823 1490 2205 1567 expolitione
2250 1489 2627 1549 distinctam.

725 1586 902 1643 Haec
944 1591 1154 1644 autem
1198 1585 1418 1659 oratiO,
1450 1586 1505 1645 si
1549 1604 1647 1645 res
1688 1605 1815 1645 non
1857 1588 2070 1646 subest
2113 1587 2193 1646 ab
2228 1591 2478 1646 oratore
2505 1604 2636 1663 per-

725 1687 908 1760 cepta
934 1687 999 1740 et
1027 1683 1292 1757 cognita,
1325 1688 1434 1741 aut
1463 1681 1638 1742 nulla
1667 1683 1751 1743 sit
1781 1702 2035 1756 necesse
2066 1691 2165 1744 est
2206 1690 2318 1743 aut
2358 1683 2637 1742 omnium

621 1792 678 1836 51
727 1778 1017 1838 irrisione
1044 1778 1315 1837 ludatur.
1401 1779 1567 1849 Quid
1597 1785 1693 1839 est
1732 1780 1897 1839 enim
1926 1786 2059 1865 tam
2086 1781 2415 1854 furiosum,
2450 1798 2637 1857 quam

726 1875 1056 1935 verborum
1079 1876 1180 1934 vel
1208 1876 1588 1953 optimorum
1611 1882 1800 1954 atque
1829 1877 2371 1937 ornatissimorum
2395 1876 2638 1937 sonitus

725 1973 948 2048 11131113,
970 1973 1146 2032 1111113
1167 1972 1451 2033 subiecta
1472 1974 1787 2033 sententia
1807 1992 1919 2034 nec
1941 1974 2206 2033 scientia
2225 1976 2257 2033 ’.Ρ
2326 1973 2641 2051 Quicquid

725 2072 846 2131 erit
887 2071 1084 2149 igitur
1125 2090 1518 2148 quacumque
1560 2091 1637 2130 ex
1673 2078 1827 2146 arte,
1859 2091 2250 2149 quocumque
2286 2072 2363 2131 de
2394 2089 2641 2147 genere,

723 2175 931 2230 orator
973 2159 1143 2244 id,‘si
1185 2175 1511 2246 tamquam
1552 2168 1802 2228 clientis
1843 2187 2096 2228 causam
2128 2168 2441 2243 didicerit,
2471 2168 2647 2226 dicet

702 2252 945 2327 'melius
988 2272 1056 2326 et
1096 2266 1400 2341 ornatiuS,
1446 2285 1633 2344 quam
1684 2267 1818 2343 ipse
1868 2266 1977 2324 ille
2028 2266 2161 2325 eius
2213 2266 2302 2325 rei
2347 2267 2649 2324 inventor

617 2379 677 2424 52
721 2372 911 2444 atque
952 2364 1204 2424 artifex.
1293 2364 1463 2423 Nam
1508 2363 1564 2423 si
1604 2363 1745 2440 quis
1789 2363 1926 2437 erit,
1963 2363 2073 2440 qui
2115 2363 2229 2422 hoc
2273 2362 2460 2436 dicat,
2504 2380 2648 2422 esse

722 2465 1023 2540 quasdam
1055 2467 1374 2522 oratorum
1405 2459 1694 2538 proprias
1729 2460 2075 2520 sententias
2106 2467 2297 2537 atque
2327 2477 2550 2519 causas
2583 2464 2653 2516 et

719 2566 1030 2619 certarum
1082 2577 1286 2618 rerum
1339 2557 1700 2617 forensibus
1758 2557 2052 2617 cancellis
2102 2556 2659 2633 circumscriptam

723 2656 1071 2729 scientiam,
1097 2656 1346 2715 fatebor
1368 2655 1659 2732 equidem
1685 2654 1751 2713 in
1775 2653 1876 2714 his
1897 2654 2096 2730 magis
2119 2654 2381 2714 adsidue
2405 2653 2662 2712 versari

721 2742 882 2812 hanc
912 2757 1193 2811 nostram
1223 2752 1563 2811 dictionem
1588 2774 1602 2826 ;
1649 2752 1758 2812 sed
1791 2758 2002 2811 tamen
2042 2751 2109 2809 in
2137 2751 2236 2810 his
2266 2750 2425 2828 ipsis
2456 2750 2663 2808 rebus

725 2849 1038 2927 permulta
1087 2853 1253 2921 sunt,
1299 2867 1459 2926 quae
1509 2849 1634 2925 ipsi
1683 2848 1989 2924 magistri,
2042 2848 2151 2925 qui
2200 2847 2503 2906 rhetorici
2551 2865 2670 2905 vo-

619 2960 680 3006 53
723 2952 963 3019 cantur,
1019 2963 1133 3004 nec
1190 2945 1452 3003 tradunt
1507 2964 1618 3004 nec
1675 2951 1912 3005 tenent.
2007 2945 2160 3015 Quis
2216 2944 2385 3003 enim
2441 2943 2671 3003 nescit

722 3043 1063 3102 maximam
1085 3041 1219 3099 vim
1247 3041 1548 3100 exsistere
1579 3042 1847 3102 oratoris
1877 3042 1942 3100 in
1970 3041 2297 3106 hominum
2327 3040 2673 3100 mentibus

721 3141 825 3200 vel
866 3140 946 3199 ad
986 3139 1143 3197 iram
1192 3142 1304 3196 aut
1343 3137 1424 3195 ad
1467 3138 1679 3197 odium
1720 3144 1832 3198 aut
1874 3139 1952 3198 ad
1987 3138 2263 3197 dolorem
2302 3137 2673 3196 incitandis

720 3238 826 3297 vel
854 3237 933 3296 ab
963 3234 1137 3294 hisce
1156 3233 1392 3294 eisdem
1415 3234 1913 3312 permotionibus
1942 3236 2020 3295 ad
2050 3234 2379 3294 lenitatem
2408 3233 2679 3294 miseri·

720 3334 1124 3410 cordiamque
1156 3333 1525 3392 revocandis
1550 3334 1581 3391 ?
1652 3332 1839 3407 Quae,
1871 3332 1995 3392 nisi
2025 3332 2136 3409 qui
2163 3336 2423 3390 naturas
2453 3331 2680 3390 homi-

717 3451 870 3493 num
887 3430 1143 3509 vimque
1171 3447 1419 3489 omnem
1450 3426 1868 3488 humanitatis
1896 3444 2238 3505 causasque
2267 3446 2392 3502 eas,
2417 3427 2681 3506 quibus

718 3529 961 3589 me’ntes
1013 3532 1125 3588 aut
1173 3525 1527 3586 incitantur
1576 3529 1688 3582 aut
1744 3523 2165 3599 reflectuntur,
2210 3523 2473 3601 penitus
2530 3541 2685 3602 per-
