2816 4097
593 406 678 475 48

592 608 679 654 168

592 1484 678 1529 169

589 2067 675 2113 170

587 2943 670 2989 171

1248 430 1319 476 Μ.
1358 430 1557 477 TULLI
1597 428 1947 479 CICERONIS
2154 428 2285 491 [Lm.
2307 433 2346 479 1.
2368 430 2492 478 CAP.
2511 428 2576 479 37.

808 595 905 656 37.
957 596 1169 666 Quid?
1229 597 1296 655 in
1344 598 1443 657 1118
1503 598 1716 675 paucis
1767 598 1986 658 diebus
2043 616 2247 657 nonne
2297 598 2472 659 nobis
2521 598 2580 657 in

724 693 1028 752 tribunali
1098 694 1167 764 Q.
1239 695 1502 772 Pompei
1587 695 1892 772 praetoris
1958 696 2181 756 urbani
2264 695 2579 755 familiaris

726 790 930 849 nostri
960 792 1323 851 sedentibus
1367 792 1554 851 homo
1584 812 1662 851 ex
1691 812 1950 853 numero
1979 793 2362 853 disertorum
2389 798 2582 871 postu-

727 887 913 961 labat,
964 893 1038 947 ut
1100 888 1216 963 illi,
1266 889 1433 948 unde
1497 895 1834 966 peteretur,
1884 896 2066 950 vetus
2125 894 2314 967 atque
2360 890 2583 951 usitata

728 984 1010 1061 exceptio
1074 985 1345 1060 daretur,
1398 1005 1595 1046 0111118
1661 1004 1998 1047 ΡΕοσΝῙΑΕ
2061 1007 2208 1047 D1Es
2275 987 2581 1047 Fursss'r?

729 1082 897 1158 quod
939 1082 1232 1159 petitoris
1273 1102 1462 1142 causa
1494 1092 1927 1161 comparatum
1955 1103 2093 1144 esse
2120 1104 2246 1143 non
2280 1084 2586 1158 intellege-

726 1180 849 1253 bat,
880 1185 970 1253 ut,
1003 1179 1057 1238 si
1086 1179 1196 1238 ille
1227 1179 1534 1239 infitiator
1567 1182 1896 1258 probasset
1935 1180 2127 1240 iudici
2157 1188 2303 1240 ante
2332 1182 2586 1258 petitam

726 1295 862 1335 esse
922 1276 1269 1353 pecuniam,
1322 1296 1513 1354 quam
1575 1283 1741 1337 esset
1803 1284 2024 1355 coepta
2081 1278 2311 1351 deberi,
2364 1277 2587 1356 petitor

728 1392 941 1433 rursus
971 1392 1112 1433 cum
1144 1379 1405 1451 peteret,
1429 1393 1510 1433 ne
1538 1374 1904 1453 exceptione
1935 1375 2390 1449 excluderetur,
2422 1392 2586 1441 QUOD

726 1489 814 1528 EA
853 1490 970 1530 RES
1012 1490 1086 1529 IN
1122 1490 1451 1531 11111101οΜ
1491 1490 1669 1530 ANTE
1697 1490 2026 1531 vnmsslrr.
2112 1471 2275 1542 Quid
2304 1490 2452 1549 ergo
2481 1472 2588 1530 hoc

726 1567 863 1627 fieri
891 1568 1139 1646 turpius
1169 1575 1279 1628 aut
1309 1568 1435 1627 dici
1463 1573 1690 1646 potest,
1720 1588 1906 1646 quam
1938 1589 2096 1643 eum,
2130 1568 2237 1647 qui
2266 1570 2430 1629 hanc
2469 1588 2590 1647 per-

726 1684 941 1725 sonam
985 1666 1344 1742 susceperit,
1376 1672 1450 1724 ut
1492 1666 1832 1725 amicorum
1871 1652 2328 1726 controversias
2357 1684 2589 1726 causas-

726 1780 847 1839 que
874 1767 1144 1836 tueatur,
1176 1762 1603 1822 laborantibus
1648 1769 1985 1837 succurrat,
2017 1764 2219 1839 aegris
2255 1764 2588 1836 medeatur,

724 1858 1009 1918 adflictos
1073 1859 1323 1933 excitet,
1388 1859 1555 1919 hunc
1617 1860 1682 1917 in
1745 1859 2022 1919 minimis
2079 1859 2588 1937 tenuissimisque

727 1955 910 2015 rebus
960 1955 1051 2014 ita
1100 1956 1245 2029 labi,
1289 1962 1362 2015 ut
1412 1957 1553 2016 aliis
1605 1958 2012 2032 miseranduS,
2053 1956 2194 2016 aliis
2238 1957 2589 2017 irridendus

725 2073 861 2113 0880
910 2054 1257 2113 videatur?
1338 2055 1649 2132 Equidem
1700 2055 2120 2133 propinquum
2166 2061 2476 2131 nostrum,
2522 2055 2584 2112 P.

722 2151 1011 2230 Crassum
1061 2151 1240 2211 illum
1284 2152 1584 2227 Divitem,
1626 2170 1768 2211 cum
1810 2151 2029 2211 multis
2072 2151 2214 2211 aliis
2258 2152 2446 2212 rebus
2483 2151 2590 2210 ele-

722 2255 974 2326 gantem
1017 2248 1336 2309 hominem
1378 2255 1443 2308 et
1484 2255 1774 2308 ornatum
1816 2256 1953 2309 tum
1995 2249 2326 2326 praecipue
2366 2249 2438 2308 in
2479 2248 2587 2306 hoc

720 2347 1102 2405 efferendum
1145 2352 1211 2405 et
1252 2346 1637 2406 laudandum
1681 2352 1850 2423 puto,
1896 2347 2080 2424 quod,
2121 2364 2261 2405 cum
2304 2346 2376 2405 P.
2423 2346 2590 2405 Scae-

718 2445 897 2503 volae
927 2444 1127 2502 frater
1156 2449 1338 2517 esset,
1366 2443 1589 2502 solitus
1613 2449 1712 2502 est
1740 2443 1798 2502 ei
1828 2461 2124 2520 persaepe
2155 2442 2361 2502 dicere
2391 2458 2587 2520 neque

718 2542 901 2600 illum
948 2541 1016 2599 in
1057 2541 1192 2600 iure
1236 2541 1414 2600 civili
1459 2541 1612 2600 satis
1657 2540 1753 2599 illi
1795 2539 1917 2600 arti
1969 2541 2174 2600 facere
2224 2559 2426 2617 posse,
2471 2537 2589 2598 nisi

720 2639 968 2698 dicendi
1009 2639 1253 2716 copiam
1297 2637 1771 2715 adsumpsisset,
1810 2637 1978 2714 quod
2020 2636 2272 2714 quidem
2315 2636 2438 2712 hic,
2484 2634 2586 2713 qui

718 2755 960 2812 mecum
1003 2736 1221 2795 consul
1263 2736 1407 2809 fuit,
1440 2733 1609 2794 filius
1653 2734 1788 2794 eius
1831 2739 1929 2793 est
1968 2739 2357 2808 consecutUS,
2389 2750 2590 2810 neque

720 2851 785 2892 80
804 2838 949 2892 ante
971 2850 1191 2892 causas
1214 2832 1553 2892 amicorum
1575 2837 1845 2891 tractare
1870 2836 2058 2908 atque
2087 2849 2268 2905 agere
2291 2831 2585 2908 coepisse,

724 2949 910 3007 quam
953 2929 1051 2988 ius
1096 2929 1280 2988 civile
1324 2929 1665 2988 didicisset.
1751 2928 1916 2998 Quid
1945 2946 2093 2987 vero
2121 2927 2230 2986 ille
2261 2928 2346 2986 M.
2382 2927 2539 2988 Cato
2559 2927 2589 2983 ⁴?

657 3088 662 3093 ,
720 3045 924 3086 11011110
955 3032 1020 3085 et
1048 3026 1407 3103 eloquentia
1435 3032 1614 3086 tanta
1655 3025 1800 3100 fuit,
1833 3029 2131 3103 quantam
2161 3024 2276 3084 illa
2303 3029 2588 3101 tempora

587 3621 672 3668 172

720 3129 907 3200 atque
938 3123 1050 3181 illa
1078 3129 1249 3182 aetas
1279 3123 1348 3180 in
1375 3124 1492 3182 hac
1509 3122 1768 3182 civitate
1797 3122 1962 3182 ferre
1994 3119 2332 3180 maximam
2361 3120 2587 3204 potuit,

720 3226 785 3279 et
840 3219 994 3279 iuris
1045 3219 1251 3279 civilis
1298 3219 1575 3278 omnium
1632 3219 2073 3297 peritissimus
2161 3210 2587 3278 Verecundius

720 3319 836 3377 hac
895 3318 971 3377 de
1031 3336 1095 3377 re
1160 3316 1287 3375 iam
1346 3317 1582 3375 dudum
1642 3317 1878 3393 loquor,
1931 3317 2098 3394 quod
2147 3316 2326 3375 adest
2373 3315 2478 3374 vir
2523 3313 2589 3371 in

719 3415 979 3475 dicendo
1022 3431 1321 3486 summuS,
1355 3431 1539 3489 quem
1582 3430 1694 3487 ego
1737 3433 1930 3472 unum
1972 3417 2283 3473 oratorem
2317 3410 2586 3472 maxime

720 3511 993 3572 admiror
1010 3534 1026 3587 3
1070 3511 1181 3571 sed
1222 3515 1437 3570 tamen
1477 3509 1643 3568 idem
1686 3508 1804 3570 hoc
1833 3529 2078 3588 semper
2109 3510 2210 3570 ius
2239 3509 2423 3570 civile
2455 3525 2590 3570 con-

721 3608 996 3686 tempsit.
1064 3608 1318 3683 Verum,
1350 3604 1647 3684 quoniam
1677 3606 2025 3666 sententiae
2055 3610 2242 3683 atque
2272 3602 2585 3683 opinionis
